[{"date": "2009-01-03", "miner_cost": 0.82368, "miner_revenue": 0.0, "miner_name": "AMD 4870x2 ", "miner_profit": -0.82368}, {"date": "2009-01-06", "miner_cost": 0.82368, "miner_revenue": 0.0, "miner_name": "AMD 4870x2 ", "miner_profit": -0.82368}, {"date": "2009-01-09", "miner_cost": 0.82368, "miner_revenue": 0.0, "miner_name": "AMD 4870x2 ", "miner_profit": -0.82368}, {"date": "2009-01-12", "miner_cost": 0.82368, "miner_revenue": 0.0, "miner_name": "AMD 4870x2 ", "miner_profit": -0.82368}, {"date": "2009-01-15", "miner_cost": 0.82368, "miner_revenue": 0.0, "miner_name": "AMD 4870x2 ", "miner_profit": -0.82368}, {"date": "2009-01-18", "miner_cost": 0.82368, "miner_revenue": 0.0, "miner_name": "AMD 4870x2 ", "miner_profit": -0.82368}, {"date": "2009-01-21", "miner_cost": 0.82368, "miner_revenue": 0.0, "miner_name": "AMD 4870x2 ", "miner_profit": -0.82368}, {"date": "2009-01-24", "miner_cost": 0.82368, "miner_revenue": 0.0, "miner_name": "AMD 4870x2 ", "miner_profit": -0.82368}, {"date": "2009-01-27", "miner_cost": 0.82368, "miner_revenue": 0.0, "miner_name": "AMD 4870x2 ", "miner_profit": -0.82368}, {"date": "2009-01-30", "miner_cost": 0.82368, "miner_revenue": 0.0, "miner_name": "AMD 4870x2 ", "miner_profit": -0.82368}, {"date": "2009-02-02", "miner_cost": 0.82368, "miner_revenue": 0.0, "miner_name": "AMD 4870x2 ", "miner_profit": -0.82368}, {"date": "2009-02-05", "miner_cost": 0.82368, "miner_revenue": 0.0, "miner_name": "AMD 4870x2 ", "miner_profit": -0.82368}, {"date": "2009-02-08", "miner_cost": 0.82368, "miner_revenue": 0.0, "miner_name": "AMD 4870x2 ", "miner_profit": -0.82368}, {"date": "2009-02-11", "miner_cost": 0.82368, "miner_revenue": 0.0, "miner_name": "AMD 4870x2 ", "miner_profit": -0.82368}, {"date": "2009-02-14", "miner_cost": 0.82368, "miner_revenue": 0.0, "miner_name": "AMD 4870x2 ", "miner_profit": -0.82368}, {"date": "2009-02-17", "miner_cost": 0.82368, "miner_revenue": 0.0, "miner_name": "AMD 4870x2 ", "miner_profit": -0.82368}, {"date": "2009-02-20", "miner_cost": 0.82368, "miner_revenue": 0.0, "miner_name": "AMD 4870x2 ", "miner_profit": -0.82368}, {"date": "2009-02-23", "miner_cost": 0.82368, "miner_revenue": 0.0, "miner_name": "AMD 4870x2 ", "miner_profit": -0.82368}, {"date": "2009-02-26", "miner_cost": 0.82368, "miner_revenue": 0.0, "miner_name": "AMD 4870x2 ", "miner_profit": -0.82368}, {"date": "2009-03-01", "miner_cost": 0.82368, "miner_revenue": 0.0, "miner_name": "AMD 4870x2 ", "miner_profit": -0.82368}, {"date": "2009-03-04", "miner_cost": 0.82368, "miner_revenue": 0.0, "miner_name": "AMD 4870x2 ", "miner_profit": -0.82368}, {"date": "2009-03-07", "miner_cost": 0.82368, "miner_revenue": 0.0, "miner_name": "AMD 4870x2 ", "miner_profit": -0.82368}, {"date": "2009-03-10", "miner_cost": 0.82368, "miner_revenue": 0.0, "miner_name": "AMD 4870x2 ", "miner_profit": -0.82368}, {"date": "2009-03-13", "miner_cost": 0.82368, "miner_revenue": 0.0, "miner_name": "AMD 4870x2 ", "miner_profit": -0.82368}, {"date": "2009-03-16", "miner_cost": 0.82368, "miner_revenue": 0.0, "miner_name": "AMD 4870x2 ", "miner_profit": -0.82368}, {"date": "2009-03-19", "miner_cost": 0.82368, "miner_revenue": 0.0, "miner_name": "AMD 4870x2 ", "miner_profit": -0.82368}, {"date": "2009-03-22", "miner_cost": 0.82368, "miner_revenue": 0.0, "miner_name": "AMD 4870x2 ", "miner_profit": -0.82368}, {"date": "2009-03-25", "miner_cost": 0.82368, "miner_revenue": 0.0, "miner_name": "AMD 4870x2 ", "miner_profit": -0.82368}, {"date": "2009-03-28", "miner_cost": 0.82368, "miner_revenue": 0.0, "miner_name": "AMD 4870x2 ", "miner_profit": -0.82368}, {"date": "2009-03-31", "miner_cost": 0.82368, "miner_revenue": 0.0, "miner_name": "AMD 4870x2 ", "miner_profit": -0.82368}, {"date": "2009-04-03", "miner_cost": 0.82368, "miner_revenue": 0.0, "miner_name": "AMD 4870x2 ", "miner_profit": -0.82368}, {"date": "2009-04-06", "miner_cost": 0.82368, "miner_revenue": 0.0, "miner_name": "AMD 4870x2 ", "miner_profit": -0.82368}, {"date": "2009-04-09", "miner_cost": 0.82368, "miner_revenue": 0.0, "miner_name": "AMD 4870x2 ", "miner_profit": -0.82368}, {"date": "2009-04-12", "miner_cost": 0.82368, "miner_revenue": 0.0, "miner_name": "AMD 4870x2 ", "miner_profit": -0.82368}, {"date": "2009-04-15", "miner_cost": 0.82368, "miner_revenue": 0.0, "miner_name": "AMD 4870x2 ", "miner_profit": -0.82368}, {"date": "2009-04-18", "miner_cost": 0.82368, "miner_revenue": 0.0, "miner_name": "AMD 4870x2 ", "miner_profit": -0.82368}, {"date": "2009-04-21", "miner_cost": 0.82368, "miner_revenue": 0.0, "miner_name": "AMD 4870x2 ", "miner_profit": -0.82368}, {"date": "2009-04-24", "miner_cost": 0.82368, "miner_revenue": 0.0, "miner_name": "AMD 4870x2 ", "miner_profit": -0.82368}, {"date": "2009-04-27", "miner_cost": 0.82368, "miner_revenue": 0.0, "miner_name": "AMD 4870x2 ", "miner_profit": -0.82368}, {"date": "2009-04-30", "miner_cost": 0.82368, "miner_revenue": 0.0, "miner_name": "AMD 4870x2 ", "miner_profit": -0.82368}, {"date": "2009-05-03", "miner_cost": 0.82368, "miner_revenue": 0.0, "miner_name": "AMD 4870x2 ", "miner_profit": -0.82368}, {"date": "2009-05-06", "miner_cost": 0.82368, "miner_revenue": 0.0, "miner_name": "AMD 4870x2 ", "miner_profit": -0.82368}, {"date": "2009-05-09", "miner_cost": 0.82368, "miner_revenue": 0.0, "miner_name": "AMD 4870x2 ", "miner_profit": -0.82368}, {"date": "2009-05-12", "miner_cost": 0.82368, "miner_revenue": 0.0, "miner_name": "AMD 4870x2 ", "miner_profit": -0.82368}, {"date": "2009-05-15", "miner_cost": 0.82368, "miner_revenue": 0.0, "miner_name": "AMD 4870x2 ", "miner_profit": -0.82368}, {"date": "2009-05-18", "miner_cost": 0.82368, "miner_revenue": 0.0, "miner_name": "AMD 4870x2 ", "miner_profit": -0.82368}, {"date": "2009-05-21", "miner_cost": 0.82368, "miner_revenue": 0.0, "miner_name": "AMD 4870x2 ", "miner_profit": -0.82368}, {"date": "2009-05-24", "miner_cost": 0.82368, "miner_revenue": 0.0, "miner_name": "AMD 4870x2 ", "miner_profit": -0.82368}, {"date": "2009-05-27", "miner_cost": 0.82368, "miner_revenue": 0.0, "miner_name": "AMD 4870x2 ", "miner_profit": -0.82368}, {"date": "2009-05-30", "miner_cost": 0.82368, "miner_revenue": 0.0, "miner_name": "AMD 4870x2 ", "miner_profit": -0.82368}, {"date": "2009-06-02", "miner_cost": 0.82368, "miner_revenue": 0.0, "miner_name": "AMD 4870x2 ", "miner_profit": -0.82368}, {"date": "2009-06-05", "miner_cost": 0.82368, "miner_revenue": 0.0, "miner_name": "AMD 4870x2 ", "miner_profit": -0.82368}, {"date": "2009-06-08", "miner_cost": 0.82368, "miner_revenue": 0.0, "miner_name": "AMD 4870x2 ", "miner_profit": -0.82368}, {"date": "2009-06-11", "miner_cost": 0.82368, "miner_revenue": 0.0, "miner_name": "AMD 4870x2 ", "miner_profit": -0.82368}, {"date": "2009-06-14", "miner_cost": 0.82368, "miner_revenue": 0.0, "miner_name": "AMD 4870x2 ", "miner_profit": -0.82368}, {"date": "2009-06-17", "miner_cost": 0.82368, "miner_revenue": 0.0, "miner_name": "AMD 4870x2 ", "miner_profit": -0.82368}, {"date": "2009-06-20", "miner_cost": 0.82368, "miner_revenue": 0.0, "miner_name": "AMD 4870x2 ", "miner_profit": -0.82368}, {"date": "2009-06-23", "miner_cost": 0.82368, "miner_revenue": 0.0, "miner_name": "AMD 4870x2 ", "miner_profit": -0.82368}, {"date": "2009-06-26", "miner_cost": 0.82368, "miner_revenue": 0.0, "miner_name": "AMD 4870x2 ", "miner_profit": -0.82368}, {"date": "2009-06-29", "miner_cost": 0.82368, "miner_revenue": 0.0, "miner_name": "AMD 4870x2 ", "miner_profit": -0.82368}, {"date": "2009-07-02", "miner_cost": 0.82368, "miner_revenue": 0.0, "miner_name": "AMD 4870x2 ", "miner_profit": -0.82368}, {"date": "2009-07-05", "miner_cost": 0.82368, "miner_revenue": 0.0, "miner_name": "AMD 4870x2 ", "miner_profit": -0.82368}, {"date": "2009-07-08", "miner_cost": 0.82368, "miner_revenue": 0.0, "miner_name": "AMD 4870x2 ", "miner_profit": -0.82368}, {"date": "2009-07-11", "miner_cost": 0.82368, "miner_revenue": 0.0, "miner_name": "AMD 4870x2 ", "miner_profit": -0.82368}, {"date": "2009-07-14", "miner_cost": 0.82368, "miner_revenue": 0.0, "miner_name": "AMD 4870x2 ", "miner_profit": -0.82368}, {"date": "2009-07-17", "miner_cost": 0.82368, "miner_revenue": 0.0, "miner_name": "AMD 4870x2 ", "miner_profit": -0.82368}, {"date": "2009-07-20", "miner_cost": 0.82368, "miner_revenue": 0.0, "miner_name": "AMD 4870x2 ", "miner_profit": -0.82368}, {"date": "2009-07-23", "miner_cost": 0.82368, "miner_revenue": 0.0, "miner_name": "AMD 4870x2 ", "miner_profit": -0.82368}, {"date": "2009-07-26", "miner_cost": 0.82368, "miner_revenue": 0.0, "miner_name": "AMD 4870x2 ", "miner_profit": -0.82368}, {"date": "2009-07-29", "miner_cost": 0.82368, "miner_revenue": 0.0, "miner_name": "AMD 4870x2 ", "miner_profit": -0.82368}, {"date": "2009-08-01", "miner_cost": 0.82368, "miner_revenue": 0.0, "miner_name": "AMD 4870x2 ", "miner_profit": -0.82368}, {"date": "2009-08-04", "miner_cost": 0.82368, "miner_revenue": 0.0, "miner_name": "AMD 4870x2 ", "miner_profit": -0.82368}, {"date": "2009-08-07", "miner_cost": 0.82368, "miner_revenue": 0.0, "miner_name": "AMD 4870x2 ", "miner_profit": -0.82368}, {"date": "2009-08-10", "miner_cost": 0.82368, "miner_revenue": 0.0, "miner_name": "AMD 4870x2 ", "miner_profit": -0.82368}, {"date": "2009-08-13", "miner_cost": 0.82368, "miner_revenue": 0.0, "miner_name": "AMD 4870x2 ", "miner_profit": -0.82368}, {"date": "2009-08-16", "miner_cost": 0.82368, "miner_revenue": 0.0, "miner_name": "AMD 4870x2 ", "miner_profit": -0.82368}, {"date": "2009-08-19", "miner_cost": 0.82368, "miner_revenue": 0.0, "miner_name": "AMD 4870x2 ", "miner_profit": -0.82368}, {"date": "2009-08-22", "miner_cost": 0.82368, "miner_revenue": 0.0, "miner_name": "AMD 4870x2 ", "miner_profit": -0.82368}, {"date": "2009-08-25", "miner_cost": 0.82368, "miner_revenue": 0.0, "miner_name": "AMD 4870x2 ", "miner_profit": -0.82368}, {"date": "2009-08-28", "miner_cost": 0.82368, "miner_revenue": 0.0, "miner_name": "AMD 4870x2 ", "miner_profit": -0.82368}, {"date": "2009-08-31", "miner_cost": 0.82368, "miner_revenue": 0.0, "miner_name": "AMD 4870x2 ", "miner_profit": -0.82368}, {"date": "2009-09-03", "miner_cost": 0.82368, "miner_revenue": 0.0, "miner_name": "AMD 4870x2 ", "miner_profit": -0.82368}, {"date": "2009-09-06", "miner_cost": 0.82368, "miner_revenue": 0.0, "miner_name": "AMD 4870x2 ", "miner_profit": -0.82368}, {"date": "2009-09-09", "miner_cost": 0.82368, "miner_revenue": 0.0, "miner_name": "AMD 4870x2 ", "miner_profit": -0.82368}, {"date": "2009-09-12", "miner_cost": 0.82368, "miner_revenue": 0.0, "miner_name": "AMD 4870x2 ", "miner_profit": -0.82368}, {"date": "2009-09-15", "miner_cost": 0.82368, "miner_revenue": 0.0, "miner_name": "AMD 4870x2 ", "miner_profit": -0.82368}, {"date": "2009-09-18", "miner_cost": 0.82368, "miner_revenue": 0.0, "miner_name": "AMD 4870x2 ", "miner_profit": -0.82368}, {"date": "2009-09-21", "miner_cost": 0.82368, "miner_revenue": 0.0, "miner_name": "AMD 4870x2 ", "miner_profit": -0.82368}, {"date": "2009-09-24", "miner_cost": 0.5616, "miner_revenue": 0.0, "miner_name": "AMD 5870 ", "miner_profit": -0.5616}, {"date": "2009-09-27", "miner_cost": 0.5616, "miner_revenue": 0.0, "miner_name": "AMD 5870 ", "miner_profit": -0.5616}, {"date": "2009-09-30", "miner_cost": 0.5616, "miner_revenue": 0.0, "miner_name": "AMD 5870 ", "miner_profit": -0.5616}, {"date": "2009-10-03", "miner_cost": 0.5616, "miner_revenue": 0.0, "miner_name": "AMD 5870 ", "miner_profit": -0.5616}, {"date": "2009-10-06", "miner_cost": 0.5616, "miner_revenue": 0.0, "miner_name": "AMD 5870 ", "miner_profit": -0.5616}, {"date": "2009-10-09", "miner_cost": 0.5616, "miner_revenue": 0.0, "miner_name": "AMD 5870 ", "miner_profit": -0.5616}, {"date": "2009-10-12", "miner_cost": 0.5616, "miner_revenue": 0.0, "miner_name": "AMD 5870 ", "miner_profit": -0.5616}, {"date": "2009-10-15", "miner_cost": 0.5616, "miner_revenue": 0.0, "miner_name": "AMD 5870 ", "miner_profit": -0.5616}, {"date": "2009-10-18", "miner_cost": 0.5616, "miner_revenue": 0.0, "miner_name": "AMD 5870 ", "miner_profit": -0.5616}, {"date": "2009-10-21", "miner_cost": 0.9993599999999999, "miner_revenue": 0.0, "miner_name": "AMD 5970 ", "miner_profit": -0.9993599999999999}, {"date": "2009-10-24", "miner_cost": 0.9993599999999999, "miner_revenue": 0.0, "miner_name": "AMD 5970 ", "miner_profit": -0.9993599999999999}, {"date": "2009-10-27", "miner_cost": 0.9993599999999999, "miner_revenue": 0.0, "miner_name": "AMD 5970 ", "miner_profit": -0.9993599999999999}, {"date": "2009-10-30", "miner_cost": 0.9993599999999999, "miner_revenue": 0.0, "miner_name": "AMD 5970 ", "miner_profit": -0.9993599999999999}, {"date": "2009-11-02", "miner_cost": 0.9993599999999999, "miner_revenue": 0.0, "miner_name": "AMD 5970 ", "miner_profit": -0.9993599999999999}, {"date": "2009-11-05", "miner_cost": 0.9993599999999999, "miner_revenue": 0.0, "miner_name": "AMD 5970 ", "miner_profit": -0.9993599999999999}, {"date": "2009-11-08", "miner_cost": 0.9993599999999999, "miner_revenue": 0.0, "miner_name": "AMD 5970 ", "miner_profit": -0.9993599999999999}, {"date": "2009-11-11", "miner_cost": 0.9993599999999999, "miner_revenue": 0.0, "miner_name": "AMD 5970 ", "miner_profit": -0.9993599999999999}, {"date": "2009-11-14", "miner_cost": 0.9993599999999999, "miner_revenue": 0.0, "miner_name": "AMD 5970 ", "miner_profit": -0.9993599999999999}, {"date": "2009-11-17", "miner_cost": 0.9993599999999999, "miner_revenue": 0.0, "miner_name": "AMD 5970 ", "miner_profit": -0.9993599999999999}, {"date": "2009-11-20", "miner_cost": 0.9993599999999999, "miner_revenue": 0.0, "miner_name": "AMD 5970 ", "miner_profit": -0.9993599999999999}, {"date": "2009-11-23", "miner_cost": 0.9993599999999999, "miner_revenue": 0.0, "miner_name": "AMD 5970 ", "miner_profit": -0.9993599999999999}, {"date": "2009-11-26", "miner_cost": 0.9993599999999999, "miner_revenue": 0.0, "miner_name": "AMD 5970 ", "miner_profit": -0.9993599999999999}, {"date": "2009-11-29", "miner_cost": 0.9993599999999999, "miner_revenue": 0.0, "miner_name": "AMD 5970 ", "miner_profit": -0.9993599999999999}, {"date": "2009-12-02", "miner_cost": 0.9993599999999999, "miner_revenue": 0.0, "miner_name": "AMD 5970 ", "miner_profit": -0.9993599999999999}, {"date": "2009-12-05", "miner_cost": 0.9993599999999999, "miner_revenue": 0.0, "miner_name": "AMD 5970 ", "miner_profit": -0.9993599999999999}, {"date": "2009-12-08", "miner_cost": 0.9993599999999999, "miner_revenue": 0.0, "miner_name": "AMD 5970 ", "miner_profit": -0.9993599999999999}, {"date": "2009-12-11", "miner_cost": 0.9993599999999999, "miner_revenue": 0.0, "miner_name": "AMD 5970 ", "miner_profit": -0.9993599999999999}, {"date": "2009-12-14", "miner_cost": 0.9993599999999999, "miner_revenue": 0.0, "miner_name": "AMD 5970 ", "miner_profit": -0.9993599999999999}, {"date": "2009-12-17", "miner_cost": 0.9993599999999999, "miner_revenue": 0.0, "miner_name": "AMD 5970 ", "miner_profit": -0.9993599999999999}, {"date": "2009-12-20", "miner_cost": 0.9993599999999999, "miner_revenue": 0.0, "miner_name": "AMD 5970 ", "miner_profit": -0.9993599999999999}, {"date": "2009-12-23", "miner_cost": 0.9993599999999999, "miner_revenue": 0.0, "miner_name": "AMD 5970 ", "miner_profit": -0.9993599999999999}, {"date": "2009-12-26", "miner_cost": 0.9993599999999999, "miner_revenue": 0.0, "miner_name": "AMD 5970 ", "miner_profit": -0.9993599999999999}, {"date": "2009-12-29", "miner_cost": 0.9993599999999999, "miner_revenue": 0.0, "miner_name": "AMD 5970 ", "miner_profit": -0.9993599999999999}, {"date": "2010-01-01", "miner_cost": 0.9993599999999999, "miner_revenue": 0.0, "miner_name": "AMD 5970 ", "miner_profit": -0.9993599999999999}, {"date": "2010-01-04", "miner_cost": 0.9993599999999999, "miner_revenue": 0.0, "miner_name": "AMD 5970 ", "miner_profit": -0.9993599999999999}, {"date": "2010-01-07", "miner_cost": 0.9993599999999999, "miner_revenue": 0.0, "miner_name": "AMD 5970 ", "miner_profit": -0.9993599999999999}, {"date": "2010-01-10", "miner_cost": 0.9993599999999999, "miner_revenue": 0.0, "miner_name": "AMD 5970 ", "miner_profit": -0.9993599999999999}, {"date": "2010-01-13", "miner_cost": 0.9993599999999999, "miner_revenue": 0.0, "miner_name": "AMD 5970 ", "miner_profit": -0.9993599999999999}, {"date": "2010-01-16", "miner_cost": 0.9993599999999999, "miner_revenue": 0.0, "miner_name": "AMD 5970 ", "miner_profit": -0.9993599999999999}, {"date": "2010-01-19", "miner_cost": 0.9993599999999999, "miner_revenue": 0.0, "miner_name": "AMD 5970 ", "miner_profit": -0.9993599999999999}, {"date": "2010-01-22", "miner_cost": 0.9993599999999999, "miner_revenue": 0.0, "miner_name": "AMD 5970 ", "miner_profit": -0.9993599999999999}, {"date": "2010-01-25", "miner_cost": 0.9993599999999999, "miner_revenue": 0.0, "miner_name": "AMD 5970 ", "miner_profit": -0.9993599999999999}, {"date": "2010-01-28", "miner_cost": 0.9993599999999999, "miner_revenue": 0.0, "miner_name": "AMD 5970 ", "miner_profit": -0.9993599999999999}, {"date": "2010-01-31", "miner_cost": 0.9993599999999999, "miner_revenue": 0.0, "miner_name": "AMD 5970 ", "miner_profit": -0.9993599999999999}, {"date": "2010-02-03", "miner_cost": 0.9993599999999999, "miner_revenue": 0.0, "miner_name": "AMD 5970 ", "miner_profit": -0.9993599999999999}, {"date": "2010-02-06", "miner_cost": 0.9993599999999999, "miner_revenue": 0.0, "miner_name": "AMD 5970 ", "miner_profit": -0.9993599999999999}, {"date": "2010-02-09", "miner_cost": 0.9993599999999999, "miner_revenue": 0.0, "miner_name": "AMD 5970 ", "miner_profit": -0.9993599999999999}, {"date": "2010-02-12", "miner_cost": 0.9993599999999999, "miner_revenue": 0.0, "miner_name": "AMD 5970 ", "miner_profit": -0.9993599999999999}, {"date": "2010-02-15", "miner_cost": 0.9993599999999999, "miner_revenue": 0.0, "miner_name": "AMD 5970 ", "miner_profit": -0.9993599999999999}, {"date": "2010-02-18", "miner_cost": 0.9993599999999999, "miner_revenue": 0.0, "miner_name": "AMD 5970 ", "miner_profit": -0.9993599999999999}, {"date": "2010-02-21", "miner_cost": 0.9993599999999999, "miner_revenue": 0.0, "miner_name": "AMD 5970 ", "miner_profit": -0.9993599999999999}, {"date": "2010-02-24", "miner_cost": 0.9993599999999999, "miner_revenue": 0.0, "miner_name": "AMD 5970 ", "miner_profit": -0.9993599999999999}, {"date": "2010-02-27", "miner_cost": 0.9993599999999999, "miner_revenue": 0.0, "miner_name": "AMD 5970 ", "miner_profit": -0.9993599999999999}, {"date": "2010-03-02", "miner_cost": 0.9993599999999999, "miner_revenue": 0.0, "miner_name": "AMD 5970 ", "miner_profit": -0.9993599999999999}, {"date": "2010-03-05", "miner_cost": 0.9993599999999999, "miner_revenue": 0.0, "miner_name": "AMD 5970 ", "miner_profit": -0.9993599999999999}, {"date": "2010-03-08", "miner_cost": 0.9993599999999999, "miner_revenue": 0.0, "miner_name": "AMD 5970 ", "miner_profit": -0.9993599999999999}, {"date": "2010-03-11", "miner_cost": 0.9993599999999999, "miner_revenue": 0.0, "miner_name": "AMD 5970 ", "miner_profit": -0.9993599999999999}, {"date": "2010-03-14", "miner_cost": 1.163835616438356, "miner_revenue": 0.0, "miner_name": "AMD 5870x2 (Ares) ", "miner_profit": -1.163835616438356}, {"date": "2010-03-17", "miner_cost": 1.163835616438356, "miner_revenue": 0.0, "miner_name": "AMD 5870x2 (Ares) ", "miner_profit": -1.163835616438356}, {"date": "2010-03-20", "miner_cost": 1.163835616438356, "miner_revenue": 0.0, "miner_name": "AMD 5870x2 (Ares) ", "miner_profit": -1.163835616438356}, {"date": "2010-03-23", "miner_cost": 1.163835616438356, "miner_revenue": 0.0, "miner_name": "AMD 5870x2 (Ares) ", "miner_profit": -1.163835616438356}, {"date": "2010-03-26", "miner_cost": 1.163835616438356, "miner_revenue": 0.0, "miner_name": "AMD 5870x2 (Ares) ", "miner_profit": -1.163835616438356}, {"date": "2010-03-29", "miner_cost": 1.163835616438356, "miner_revenue": 0.0, "miner_name": "AMD 5870x2 (Ares) ", "miner_profit": -1.163835616438356}, {"date": "2010-04-01", "miner_cost": 1.163835616438356, "miner_revenue": 0.0, "miner_name": "AMD 5870x2 (Ares) ", "miner_profit": -1.163835616438356}, {"date": "2010-04-04", "miner_cost": 1.163835616438356, "miner_revenue": 0.0, "miner_name": "AMD 5870x2 (Ares) ", "miner_profit": -1.163835616438356}, {"date": "2010-04-07", "miner_cost": 1.163835616438356, "miner_revenue": 0.0, "miner_name": "AMD 5870x2 (Ares) ", "miner_profit": -1.163835616438356}, {"date": "2010-04-10", "miner_cost": 1.163835616438356, "miner_revenue": 0.0, "miner_name": "AMD 5870x2 (Ares) ", "miner_profit": -1.163835616438356}, {"date": "2010-04-13", "miner_cost": 1.163835616438356, "miner_revenue": 0.0, "miner_name": "AMD 5870x2 (Ares) ", "miner_profit": -1.163835616438356}, {"date": "2010-04-16", "miner_cost": 1.163835616438356, "miner_revenue": 0.0, "miner_name": "AMD 5870x2 (Ares) ", "miner_profit": -1.163835616438356}, {"date": "2010-04-19", "miner_cost": 1.163835616438356, "miner_revenue": 0.0, "miner_name": "AMD 5870x2 (Ares) ", "miner_profit": -1.163835616438356}, {"date": "2010-04-22", "miner_cost": 1.163835616438356, "miner_revenue": 0.0, "miner_name": "AMD 5870x2 (Ares) ", "miner_profit": -1.163835616438356}, {"date": "2010-04-25", "miner_cost": 1.163835616438356, "miner_revenue": 0.0, "miner_name": "AMD 5870x2 (Ares) ", "miner_profit": -1.163835616438356}, {"date": "2010-04-28", "miner_cost": 1.163835616438356, "miner_revenue": 0.0, "miner_name": "AMD 5870x2 (Ares) ", "miner_profit": -1.163835616438356}, {"date": "2010-05-01", "miner_cost": 1.163835616438356, "miner_revenue": 0.0, "miner_name": "AMD 5870x2 (Ares) ", "miner_profit": -1.163835616438356}, {"date": "2010-05-04", "miner_cost": 1.163835616438356, "miner_revenue": 0.0, "miner_name": "AMD 5870x2 (Ares) ", "miner_profit": -1.163835616438356}, {"date": "2010-05-07", "miner_cost": 1.163835616438356, "miner_revenue": 0.0, "miner_name": "AMD 5870x2 (Ares) ", "miner_profit": -1.163835616438356}, {"date": "2010-05-10", "miner_cost": 1.163835616438356, "miner_revenue": 0.0, "miner_name": "AMD 5870x2 (Ares) ", "miner_profit": -1.163835616438356}, {"date": "2010-05-13", "miner_cost": 1.163835616438356, "miner_revenue": 0.0, "miner_name": "AMD 5870x2 (Ares) ", "miner_profit": -1.163835616438356}, {"date": "2010-05-16", "miner_cost": 1.163835616438356, "miner_revenue": 0.0, "miner_name": "AMD 5870x2 (Ares) ", "miner_profit": -1.163835616438356}, {"date": "2010-05-19", "miner_cost": 1.163835616438356, "miner_revenue": 0.0, "miner_name": "AMD 5870x2 (Ares) ", "miner_profit": -1.163835616438356}, {"date": "2010-05-22", "miner_cost": 1.163835616438356, "miner_revenue": 0.0, "miner_name": "AMD 5870x2 (Ares) ", "miner_profit": -1.163835616438356}, {"date": "2010-05-25", "miner_cost": 1.163835616438356, "miner_revenue": 0.0, "miner_name": "AMD 5870x2 (Ares) ", "miner_profit": -1.163835616438356}, {"date": "2010-05-28", "miner_cost": 1.163835616438356, "miner_revenue": 0.0, "miner_name": "AMD 5870x2 (Ares) ", "miner_profit": -1.163835616438356}, {"date": "2010-05-31", "miner_cost": 1.163835616438356, "miner_revenue": 0.0, "miner_name": "AMD 5870x2 (Ares) ", "miner_profit": -1.163835616438356}, {"date": "2010-06-03", "miner_cost": 1.163835616438356, "miner_revenue": 0.0, "miner_name": "AMD 5870x2 (Ares) ", "miner_profit": -1.163835616438356}, {"date": "2010-06-06", "miner_cost": 1.163835616438356, "miner_revenue": 0.0, "miner_name": "AMD 5870x2 (Ares) ", "miner_profit": -1.163835616438356}, {"date": "2010-06-09", "miner_cost": 1.163835616438356, "miner_revenue": 0.0, "miner_name": "AMD 5870x2 (Ares) ", "miner_profit": -1.163835616438356}, {"date": "2010-06-12", "miner_cost": 1.163835616438356, "miner_revenue": 0.0, "miner_name": "AMD 5870x2 (Ares) ", "miner_profit": -1.163835616438356}, {"date": "2010-06-15", "miner_cost": 1.163835616438356, "miner_revenue": 0.0, "miner_name": "AMD 5870x2 (Ares) ", "miner_profit": -1.163835616438356}, {"date": "2010-06-18", "miner_cost": 1.163835616438356, "miner_revenue": 0.0, "miner_name": "AMD 5870x2 (Ares) ", "miner_profit": -1.163835616438356}, {"date": "2010-06-21", "miner_cost": 1.163835616438356, "miner_revenue": 0.0, "miner_name": "AMD 5870x2 (Ares) ", "miner_profit": -1.163835616438356}, {"date": "2010-06-24", "miner_cost": 1.163835616438356, "miner_revenue": 0.0, "miner_name": "AMD 5870x2 (Ares) ", "miner_profit": -1.163835616438356}, {"date": "2010-06-27", "miner_cost": 1.163835616438356, "miner_revenue": 0.0, "miner_name": "AMD 5870x2 (Ares) ", "miner_profit": -1.163835616438356}, {"date": "2010-06-30", "miner_cost": 1.163835616438356, "miner_revenue": 0.0, "miner_name": "AMD 5870x2 (Ares) ", "miner_profit": -1.163835616438356}, {"date": "2010-07-03", "miner_cost": 1.163835616438356, "miner_revenue": 0.0, "miner_name": "AMD 5870x2 (Ares) ", "miner_profit": -1.163835616438356}, {"date": "2010-07-06", "miner_cost": 1.163835616438356, "miner_revenue": 0.0, "miner_name": "AMD 5870x2 (Ares) ", "miner_profit": -1.163835616438356}, {"date": "2010-07-09", "miner_cost": 1.163835616438356, "miner_revenue": 0.0, "miner_name": "AMD 5870x2 (Ares) ", "miner_profit": -1.163835616438356}, {"date": "2010-07-12", "miner_cost": 1.163835616438356, "miner_revenue": 0.0, "miner_name": "AMD 5870x2 (Ares) ", "miner_profit": -1.163835616438356}, {"date": "2010-07-15", "miner_cost": 1.163835616438356, "miner_revenue": 0.0, "miner_name": "AMD 5870x2 (Ares) ", "miner_profit": -1.163835616438356}, {"date": "2010-07-18", "miner_cost": 1.163835616438356, "miner_revenue": 0.0, "miner_name": "AMD 5870x2 (Ares) ", "miner_profit": -1.163835616438356}, {"date": "2010-07-21", "miner_cost": 1.163835616438356, "miner_revenue": 0.0, "miner_name": "AMD 5870x2 (Ares) ", "miner_profit": -1.163835616438356}, {"date": "2010-07-24", "miner_cost": 1.163835616438356, "miner_revenue": 0.0, "miner_name": "AMD 5870x2 (Ares) ", "miner_profit": -1.163835616438356}, {"date": "2010-07-27", "miner_cost": 1.163835616438356, "miner_revenue": 0.0, "miner_name": "AMD 5870x2 (Ares) ", "miner_profit": -1.163835616438356}, {"date": "2010-07-30", "miner_cost": 1.163835616438356, "miner_revenue": 0.0, "miner_name": "AMD 5870x2 (Ares) ", "miner_profit": -1.163835616438356}, {"date": "2010-08-02", "miner_cost": 1.163835616438356, "miner_revenue": 0.0, "miner_name": "AMD 5870x2 (Ares) ", "miner_profit": -1.163835616438356}, {"date": "2010-08-05", "miner_cost": 1.163835616438356, "miner_revenue": 0.0, "miner_name": "AMD 5870x2 (Ares) ", "miner_profit": -1.163835616438356}, {"date": "2010-08-08", "miner_cost": 1.163835616438356, "miner_revenue": 0.0, "miner_name": "AMD 5870x2 (Ares) ", "miner_profit": -1.163835616438356}, {"date": "2010-08-11", "miner_cost": 1.163835616438356, "miner_revenue": 0.0, "miner_name": "AMD 5870x2 (Ares) ", "miner_profit": -1.163835616438356}, {"date": "2010-08-14", "miner_cost": 1.163835616438356, "miner_revenue": 0.0, "miner_name": "AMD 5870x2 (Ares) ", "miner_profit": -1.163835616438356}, {"date": "2010-08-17", "miner_cost": 1.163835616438356, "miner_revenue": 132698.7763535735, "miner_name": "AMD 5870x2 (Ares) ", "miner_profit": 132697.61251795708}, {"date": "2010-08-20", "miner_cost": 1.163835616438356, "miner_revenue": 115097.63826766392, "miner_name": "AMD 5870x2 (Ares) ", "miner_profit": 115096.47443204749}, {"date": "2010-08-23", "miner_cost": 1.163835616438356, "miner_revenue": 113889.71702647403, "miner_name": "AMD 5870x2 (Ares) ", "miner_profit": 113888.5531908576}, {"date": "2010-08-26", "miner_cost": 1.163835616438356, "miner_revenue": 114750.79231126512, "miner_name": "AMD 5870x2 (Ares) ", "miner_profit": 114749.62847564869}, {"date": "2010-08-29", "miner_cost": 1.163835616438356, "miner_revenue": 91798.52306883571, "miner_name": "AMD 5870x2 (Ares) ", "miner_profit": 91797.35923321928}, {"date": "2010-09-01", "miner_cost": 1.163835616438356, "miner_revenue": 91940.18745628762, "miner_name": "AMD 5870x2 (Ares) ", "miner_profit": 91939.02362067119}, {"date": "2010-09-04", "miner_cost": 1.163835616438356, "miner_revenue": 86840.26950801897, "miner_name": "AMD 5870x2 (Ares) ", "miner_profit": 86839.10567240254}, {"date": "2010-09-07", "miner_cost": 1.163835616438356, "miner_revenue": 87619.42363900447, "miner_name": "AMD 5870x2 (Ares) ", "miner_profit": 87618.25980338803}, {"date": "2010-09-10", "miner_cost": 1.163835616438356, "miner_revenue": 76817.60073991469, "miner_name": "AMD 5870x2 (Ares) ", "miner_profit": 76816.43690429826}, {"date": "2010-09-13", "miner_cost": 1.163835616438356, "miner_revenue": 76817.6007399147, "miner_name": "AMD 5870x2 (Ares) ", "miner_profit": 76816.43690429827}, {"date": "2010-09-16", "miner_cost": 1.163835616438356, "miner_revenue": 76681.33342687823, "miner_name": "AMD 5870x2 (Ares) ", "miner_profit": 76680.1695912618}, {"date": "2010-09-19", "miner_cost": 1.163835616438356, "miner_revenue": 60231.433216860445, "miner_name": "AMD 5870x2 (Ares) ", "miner_profit": 60230.269381244005}, {"date": "2010-09-22", "miner_cost": 1.163835616438356, "miner_revenue": 60424.83116373802, "miner_name": "AMD 5870x2 (Ares) ", "miner_profit": 60423.66732812158}, {"date": "2010-09-25", "miner_cost": 1.163835616438356, "miner_revenue": 60039.959627663244, "miner_name": "AMD 5870x2 (Ares) ", "miner_profit": 60038.7957920468}, {"date": "2010-09-28", "miner_cost": 1.163835616438356, "miner_revenue": 60338.235068121205, "miner_name": "AMD 5870x2 (Ares) ", "miner_profit": 60337.071232504764}, {"date": "2010-10-01", "miner_cost": 1.163835616438356, "miner_revenue": 41520.91768658444, "miner_name": "AMD 5870x2 (Ares) ", "miner_profit": 41519.753850968}, {"date": "2010-10-04", "miner_cost": 1.163835616438356, "miner_revenue": 41521.58738960685, "miner_name": "AMD 5870x2 (Ares) ", "miner_profit": 41520.42355399041}, {"date": "2010-10-07", "miner_cost": 1.163835616438356, "miner_revenue": 42727.052829950284, "miner_name": "AMD 5870x2 (Ares) ", "miner_profit": 42725.88899433384}, {"date": "2010-10-10", "miner_cost": 1.163835616438356, "miner_revenue": 80364.36268956168, "miner_name": "AMD 5870x2 (Ares) ", "miner_profit": 80363.19885394524}, {"date": "2010-10-13", "miner_cost": 1.163835616438356, "miner_revenue": 60881.29934724431, "miner_name": "AMD 5870x2 (Ares) ", "miner_profit": 60880.13551162787}, {"date": "2010-10-16", "miner_cost": 1.163835616438356, "miner_revenue": 69853.28030368031, "miner_name": "AMD 5870x2 (Ares) ", "miner_profit": 69852.11646806388}, {"date": "2010-10-19", "miner_cost": 1.163835616438356, "miner_revenue": 65623.63213850334, "miner_name": "AMD 5870x2 (Ares) ", "miner_profit": 65622.4683028869}, {"date": "2010-10-22", "miner_cost": 1.163835616438356, "miner_revenue": 43970.49503415781, "miner_name": "AMD 5870x2 (Ares) ", "miner_profit": 43969.33119854137}, {"date": "2010-10-25", "miner_cost": 1.163835616438356, "miner_revenue": 61640.88088900628, "miner_name": "AMD 5870x2 (Ares) ", "miner_profit": 61639.71705338984}, {"date": "2010-10-28", "miner_cost": 1.163835616438356, "miner_revenue": 78082.5585181339, "miner_name": "AMD 5870x2 (Ares) ", "miner_profit": 78081.39468251746}, {"date": "2010-10-31", "miner_cost": 1.163835616438356, "miner_revenue": 56841.94759830147, "miner_name": "AMD 5870x2 (Ares) ", "miner_profit": 56840.78376268503}, {"date": "2010-11-03", "miner_cost": 1.163835616438356, "miner_revenue": 78550.4300981553, "miner_name": "AMD 5870x2 (Ares) ", "miner_profit": 78549.26626253886}, {"date": "2010-11-06", "miner_cost": 1.163835616438356, "miner_revenue": 82834.99901260012, "miner_name": "AMD 5870x2 (Ares) ", "miner_profit": 82833.83517698369}, {"date": "2010-11-09", "miner_cost": 1.163835616438356, "miner_revenue": 65566.7372735928, "miner_name": "AMD 5870x2 (Ares) ", "miner_profit": 65565.57343797636}, {"date": "2010-11-12", "miner_cost": 1.163835616438356, "miner_revenue": 48863.57201802789, "miner_name": "AMD 5870x2 (Ares) ", "miner_profit": 48862.40818241145}, {"date": "2010-11-15", "miner_cost": 1.163835616438356, "miner_revenue": 55054.25564421628, "miner_name": "AMD 5870x2 (Ares) ", "miner_profit": 55053.09180859984}, {"date": "2010-11-18", "miner_cost": 1.163835616438356, "miner_revenue": 56455.725185880765, "miner_name": "AMD 5870x2 (Ares) ", "miner_profit": 56454.561350264325}, {"date": "2010-11-21", "miner_cost": 1.163835616438356, "miner_revenue": 37300.96753931706, "miner_name": "AMD 5870x2 (Ares) ", "miner_profit": 37299.80370370062}, {"date": "2010-11-24", "miner_cost": 1.163835616438356, "miner_revenue": 36393.92142501061, "miner_name": "AMD 5870x2 (Ares) ", "miner_profit": 36392.75758939417}, {"date": "2010-11-27", "miner_cost": 1.163835616438356, "miner_revenue": 36575.125832543876, "miner_name": "AMD 5870x2 (Ares) ", "miner_profit": 36573.961996927435}, {"date": "2010-11-30", "miner_cost": 1.163835616438356, "miner_revenue": 30063.306807783036, "miner_name": "AMD 5870x2 (Ares) ", "miner_profit": 30062.1429721666}, {"date": "2010-12-03", "miner_cost": 1.163835616438356, "miner_revenue": 27909.680829189118, "miner_name": "AMD 5870x2 (Ares) ", "miner_profit": 27908.51699357268}, {"date": "2010-12-06", "miner_cost": 1.163835616438356, "miner_revenue": 24597.251024549743, "miner_name": "AMD 5870x2 (Ares) ", "miner_profit": 24596.087188933307}, {"date": "2010-12-09", "miner_cost": 1.163835616438356, "miner_revenue": 26105.88242072213, "miner_name": "AMD 5870x2 (Ares) ", "miner_profit": 26104.718585105693}, {"date": "2010-12-12", "miner_cost": 1.163835616438356, "miner_revenue": 16434.113000081907, "miner_name": "AMD 5870x2 (Ares) ", "miner_profit": 16432.94916446547}, {"date": "2010-12-15", "miner_cost": 1.163835616438356, "miner_revenue": 17789.206528158833, "miner_name": "AMD 5870x2 (Ares) ", "miner_profit": 17788.042692542396}, {"date": "2010-12-18", "miner_cost": 1.163835616438356, "miner_revenue": 17947.78130272103, "miner_name": "AMD 5870x2 (Ares) ", "miner_profit": 17946.617467104592}, {"date": "2010-12-21", "miner_cost": 1.163835616438356, "miner_revenue": 19395.857312245793, "miner_name": "AMD 5870x2 (Ares) ", "miner_profit": 19394.693476629356}, {"date": "2010-12-24", "miner_cost": 1.163835616438356, "miner_revenue": 15242.809631116757, "miner_name": "AMD 5870x2 (Ares) ", "miner_profit": 15241.645795500319}, {"date": "2010-12-27", "miner_cost": 1.163835616438356, "miner_revenue": 16157.37820898376, "miner_name": "AMD 5870x2 (Ares) ", "miner_profit": 16156.214373367322}, {"date": "2010-12-30", "miner_cost": 1.163835616438356, "miner_revenue": 18291.310586101583, "miner_name": "AMD 5870x2 (Ares) ", "miner_profit": 18290.146750485146}, {"date": "2011-01-02", "miner_cost": 1.163835616438356, "miner_revenue": 18291.127672386006, "miner_name": "AMD 5870x2 (Ares) ", "miner_profit": 18289.96383676957}, {"date": "2011-01-05", "miner_cost": 1.163835616438356, "miner_revenue": 16192.033853093415, "miner_name": "AMD 5870x2 (Ares) ", "miner_profit": 16190.870017476976}, {"date": "2011-01-08", "miner_cost": 1.163835616438356, "miner_revenue": 17486.322139600125, "miner_name": "AMD 5870x2 (Ares) ", "miner_profit": 17485.158303983688}, {"date": "2011-01-11", "miner_cost": 1.163835616438356, "miner_revenue": 17816.771810071412, "miner_name": "AMD 5870x2 (Ares) ", "miner_profit": 17815.607974454975}, {"date": "2011-01-14", "miner_cost": 1.163835616438356, "miner_revenue": 24369.444725021698, "miner_name": "AMD 5870x2 (Ares) ", "miner_profit": 24368.28088940526}, {"date": "2011-01-17", "miner_cost": 1.163835616438356, "miner_revenue": 19159.00533429523, "miner_name": "AMD 5870x2 (Ares) ", "miner_profit": 19157.841498678794}, {"date": "2011-01-20", "miner_cost": 1.163835616438356, "miner_revenue": 17602.336150883744, "miner_name": "AMD 5870x2 (Ares) ", "miner_profit": 17601.172315267308}, {"date": "2011-01-23", "miner_cost": 1.163835616438356, "miner_revenue": 21280.865175068433, "miner_name": "AMD 5870x2 (Ares) ", "miner_profit": 21279.701339451996}, {"date": "2011-01-26", "miner_cost": 1.163835616438356, "miner_revenue": 20356.443167688685, "miner_name": "AMD 5870x2 (Ares) ", "miner_profit": 20355.27933207225}, {"date": "2011-01-29", "miner_cost": 1.163835616438356, "miner_revenue": 17893.126502246207, "miner_name": "AMD 5870x2 (Ares) ", "miner_profit": 17891.96266662977}, {"date": "2011-02-01", "miner_cost": 1.163835616438356, "miner_revenue": 38113.16183213878, "miner_name": "AMD 5870x2 (Ares) ", "miner_profit": 38111.99799652234}, {"date": "2011-02-04", "miner_cost": 1.163835616438356, "miner_revenue": 35304.823591875924, "miner_name": "AMD 5870x2 (Ares) ", "miner_profit": 35303.65975625948}, {"date": "2011-02-07", "miner_cost": 1.163835616438356, "miner_revenue": 36341.90278488728, "miner_name": "AMD 5870x2 (Ares) ", "miner_profit": 36340.73894927084}, {"date": "2011-02-10", "miner_cost": 1.163835616438356, "miner_revenue": 37365.70261223679, "miner_name": "AMD 5870x2 (Ares) ", "miner_profit": 37364.53877662035}, {"date": "2011-02-13", "miner_cost": 1.163835616438356, "miner_revenue": 36686.326201105214, "miner_name": "AMD 5870x2 (Ares) ", "miner_profit": 36685.16236548877}, {"date": "2011-02-16", "miner_cost": 1.163835616438356, "miner_revenue": 35673.715660313595, "miner_name": "AMD 5870x2 (Ares) ", "miner_profit": 35672.551824697155}, {"date": "2011-02-19", "miner_cost": 1.163835616438356, "miner_revenue": 24706.046575721593, "miner_name": "AMD 5870x2 (Ares) ", "miner_profit": 24704.882740105157}, {"date": "2011-02-22", "miner_cost": 1.163835616438356, "miner_revenue": 21060.669403473883, "miner_name": "AMD 5870x2 (Ares) ", "miner_profit": 21059.505567857446}, {"date": "2011-02-25", "miner_cost": 1.163835616438356, "miner_revenue": 24221.614289923134, "miner_name": "AMD 5870x2 (Ares) ", "miner_profit": 24220.450454306698}, {"date": "2011-02-28", "miner_cost": 1.163835616438356, "miner_revenue": 15079.86331370764, "miner_name": "AMD 5870x2 (Ares) ", "miner_profit": 15078.699478091201}, {"date": "2011-03-03", "miner_cost": 1.163835616438356, "miner_revenue": 14943.008228500117, "miner_name": "AMD 5870x2 (Ares) ", "miner_profit": 14941.844392883679}, {"date": "2011-03-06", "miner_cost": 1.163835616438356, "miner_revenue": 14469.050328617164, "miner_name": "AMD 5870x2 (Ares) ", "miner_profit": 14467.886493000726}, {"date": "2011-03-09", "miner_cost": 1.163835616438356, "miner_revenue": 10247.084236592129, "miner_name": "AMD 5870x2 (Ares) ", "miner_profit": 10245.92040097569}, {"date": "2011-03-12", "miner_cost": 1.163835616438356, "miner_revenue": 10661.42067621186, "miner_name": "AMD 5870x2 (Ares) ", "miner_profit": 10660.25684059542}, {"date": "2011-03-15", "miner_cost": 1.163835616438356, "miner_revenue": 10432.347531217672, "miner_name": "AMD 5870x2 (Ares) ", "miner_profit": 10431.183695601234}, {"date": "2011-03-18", "miner_cost": 1.163835616438356, "miner_revenue": 9860.580710214848, "miner_name": "AMD 5870x2 (Ares) ", "miner_profit": 9859.41687459841}, {"date": "2011-03-21", "miner_cost": 1.163835616438356, "miner_revenue": 9143.934826195844, "miner_name": "AMD 5870x2 (Ares) ", "miner_profit": 9142.770990579405}, {"date": "2011-03-24", "miner_cost": 1.163835616438356, "miner_revenue": 10443.883020353542, "miner_name": "AMD 5870x2 (Ares) ", "miner_profit": 10442.719184737103}, {"date": "2011-03-27", "miner_cost": 1.163835616438356, "miner_revenue": 11476.355095737143, "miner_name": "AMD 5870x2 (Ares) ", "miner_profit": 11475.191260120704}, {"date": "2011-03-30", "miner_cost": 1.163835616438356, "miner_revenue": 10182.239133951367, "miner_name": "AMD 5870x2 (Ares) ", "miner_profit": 10181.075298334928}, {"date": "2011-04-02", "miner_cost": 1.163835616438356, "miner_revenue": 10205.705634285932, "miner_name": "AMD 5870x2 (Ares) ", "miner_profit": 10204.541798669494}, {"date": "2011-04-05", "miner_cost": 1.163835616438356, "miner_revenue": 9094.575911269327, "miner_name": "AMD 5870x2 (Ares) ", "miner_profit": 9093.412075652888}, {"date": "2011-04-08", "miner_cost": 1.163835616438356, "miner_revenue": 8572.185372443739, "miner_name": "AMD 5870x2 (Ares) ", "miner_profit": 8571.0215368273}, {"date": "2011-04-11", "miner_cost": 1.163835616438356, "miner_revenue": 8380.199417021313, "miner_name": "AMD 5870x2 (Ares) ", "miner_profit": 8379.035581404874}, {"date": "2011-04-14", "miner_cost": 1.163835616438356, "miner_revenue": 10099.600715523491, "miner_name": "AMD 5870x2 (Ares) ", "miner_profit": 10098.436879907053}, {"date": "2011-04-17", "miner_cost": 1.163835616438356, "miner_revenue": 11637.40913621688, "miner_name": "AMD 5870x2 (Ares) ", "miner_profit": 11636.245300600442}, {"date": "2011-04-20", "miner_cost": 1.163835616438356, "miner_revenue": 11466.62002771579, "miner_name": "AMD 5870x2 (Ares) ", "miner_profit": 11465.456192099351}, {"date": "2011-04-23", "miner_cost": 1.163835616438356, "miner_revenue": 14821.755363934783, "miner_name": "AMD 5870x2 (Ares) ", "miner_profit": 14820.591528318344}, {"date": "2011-04-26", "miner_cost": 1.163835616438356, "miner_revenue": 16552.511518881616, "miner_name": "AMD 5870x2 (Ares) ", "miner_profit": 16551.34768326518}, {"date": "2011-04-29", "miner_cost": 1.163835616438356, "miner_revenue": 25837.916295212486, "miner_name": "AMD 5870x2 (Ares) ", "miner_profit": 25836.75245959605}, {"date": "2011-05-02", "miner_cost": 1.163835616438356, "miner_revenue": 28162.41502938117, "miner_name": "AMD 5870x2 (Ares) ", "miner_profit": 28161.251193764732}, {"date": "2011-05-05", "miner_cost": 1.163835616438356, "miner_revenue": 28201.010140640505, "miner_name": "AMD 5870x2 (Ares) ", "miner_profit": 28199.846305024068}, {"date": "2011-05-08", "miner_cost": 1.163835616438356, "miner_revenue": 31419.944140533447, "miner_name": "AMD 5870x2 (Ares) ", "miner_profit": 31418.78030491701}, {"date": "2011-05-11", "miner_cost": 1.163835616438356, "miner_revenue": 34057.8369367971, "miner_name": "AMD 5870x2 (Ares) ", "miner_profit": 34056.67310118066}, {"date": "2011-05-14", "miner_cost": 1.163835616438356, "miner_revenue": 49981.98468359931, "miner_name": "AMD 5870x2 (Ares) ", "miner_profit": 49980.82084798287}, {"date": "2011-05-17", "miner_cost": 1.163835616438356, "miner_revenue": 47110.01144938354, "miner_name": "AMD 5870x2 (Ares) ", "miner_profit": 47108.8476137671}, {"date": "2011-05-20", "miner_cost": 1.163835616438356, "miner_revenue": 25722.118310850055, "miner_name": "AMD 5870x2 (Ares) ", "miner_profit": 25720.95447523362}, {"date": "2011-05-23", "miner_cost": 1.163835616438356, "miner_revenue": 26988.58108649283, "miner_name": "AMD 5870x2 (Ares) ", "miner_profit": 26987.417250876395}, {"date": "2011-05-26", "miner_cost": 1.163835616438356, "miner_revenue": 33795.27522386537, "miner_name": "AMD 5870x2 (Ares) ", "miner_profit": 33794.11138824893}, {"date": "2011-05-29", "miner_cost": 1.163835616438356, "miner_revenue": 17287.5043379208, "miner_name": "AMD 5870x2 (Ares) ", "miner_profit": 17286.340502304363}, {"date": "2011-06-01", "miner_cost": 1.163835616438356, "miner_revenue": 19115.571654319294, "miner_name": "AMD 5870x2 (Ares) ", "miner_profit": 19114.407818702857}, {"date": "2011-06-04", "miner_cost": 1.163835616438356, "miner_revenue": 35456.469409450736, "miner_name": "AMD 5870x2 (Ares) ", "miner_profit": 35455.305573834296}, {"date": "2011-06-07", "miner_cost": 1.163835616438356, "miner_revenue": 29770.66557715915, "miner_name": "AMD 5870x2 (Ares) ", "miner_profit": 29769.501741542714}, {"date": "2011-06-10", "miner_cost": 1.163835616438356, "miner_revenue": 54665.923858433365, "miner_name": "AMD 5870x2 (Ares) ", "miner_profit": 54664.760022816925}, {"date": "2011-06-13", "miner_cost": 1.163835616438356, "miner_revenue": 38265.80227920034, "miner_name": "AMD 5870x2 (Ares) ", "miner_profit": 38264.6384435839}, {"date": "2011-06-16", "miner_cost": 1.163835616438356, "miner_revenue": 20162.270344428558, "miner_name": "AMD 5870x2 (Ares) ", "miner_profit": 20161.10650881212}, {"date": "2011-06-19", "miner_cost": 1.163835616438356, "miner_revenue": 19054.392019014835, "miner_name": "AMD 5870x2 (Ares) ", "miner_profit": 19053.228183398398}, {"date": "2011-06-22", "miner_cost": 1.163835616438356, "miner_revenue": 15174.84937385113, "miner_name": "AMD 5870x2 (Ares) ", "miner_profit": 15173.685538234691}, {"date": "2011-06-25", "miner_cost": 1.163835616438356, "miner_revenue": 11300.887296070876, "miner_name": "AMD 5870x2 (Ares) ", "miner_profit": 11299.723460454437}, {"date": "2011-06-28", "miner_cost": 1.163835616438356, "miner_revenue": 11249.111740738641, "miner_name": "AMD 5870x2 (Ares) ", "miner_profit": 11247.947905122202}, {"date": "2011-07-01", "miner_cost": 1.163835616438356, "miner_revenue": 10904.704372852386, "miner_name": "AMD 5870x2 (Ares) ", "miner_profit": 10903.540537235947}, {"date": "2011-07-04", "miner_cost": 1.163835616438356, "miner_revenue": 10167.555771437763, "miner_name": "AMD 5870x2 (Ares) ", "miner_profit": 10166.391935821324}, {"date": "2011-07-07", "miner_cost": 1.163835616438356, "miner_revenue": 9200.22029344582, "miner_name": "AMD 5870x2 (Ares) ", "miner_profit": 9199.056457829382}, {"date": "2011-07-10", "miner_cost": 1.163835616438356, "miner_revenue": 8874.030652270792, "miner_name": "AMD 5870x2 (Ares) ", "miner_profit": 8872.866816654354}, {"date": "2011-07-13", "miner_cost": 1.163835616438356, "miner_revenue": 8007.915091275294, "miner_name": "AMD 5870x2 (Ares) ", "miner_profit": 8006.751255658855}, {"date": "2011-07-16", "miner_cost": 1.163835616438356, "miner_revenue": 7979.5857163428045, "miner_name": "AMD 5870x2 (Ares) ", "miner_profit": 7978.421880726366}, {"date": "2011-07-19", "miner_cost": 1.163835616438356, "miner_revenue": 8322.779980867535, "miner_name": "AMD 5870x2 (Ares) ", "miner_profit": 8321.616145251097}, {"date": "2011-07-22", "miner_cost": 1.163835616438356, "miner_revenue": 7291.177811853172, "miner_name": "AMD 5870x2 (Ares) ", "miner_profit": 7290.0139762367335}, {"date": "2011-07-25", "miner_cost": 1.163835616438356, "miner_revenue": 7711.071167453215, "miner_name": "AMD 5870x2 (Ares) ", "miner_profit": 7709.907331836776}, {"date": "2011-07-28", "miner_cost": 1.163835616438356, "miner_revenue": 7318.018746046301, "miner_name": "AMD 5870x2 (Ares) ", "miner_profit": 7316.854910429863}, {"date": "2011-07-31", "miner_cost": 1.163835616438356, "miner_revenue": 7787.44528986405, "miner_name": "AMD 5870x2 (Ares) ", "miner_profit": 7786.281454247612}, {"date": "2011-08-03", "miner_cost": 1.163835616438356, "miner_revenue": 6130.402777738245, "miner_name": "AMD 5870x2 (Ares) ", "miner_profit": 6129.238942121807}, {"date": "2011-08-06", "miner_cost": 1.163835616438356, "miner_revenue": 5148.944674093165, "miner_name": "AMD 5870x2 (Ares) ", "miner_profit": 5147.780838476727}, {"date": "2011-08-09", "miner_cost": 1.163835616438356, "miner_revenue": 5666.8098868146135, "miner_name": "AMD 5870x2 (Ares) ", "miner_profit": 5665.646051198175}, {"date": "2011-08-12", "miner_cost": 1.163835616438356, "miner_revenue": 4630.633920400021, "miner_name": "AMD 5870x2 (Ares) ", "miner_profit": 4629.470084783583}, {"date": "2011-08-15", "miner_cost": 1.163835616438356, "miner_revenue": 5566.262193460356, "miner_name": "AMD 5870x2 (Ares) ", "miner_profit": 5565.098357843917}, {"date": "2011-08-18", "miner_cost": 1.163835616438356, "miner_revenue": 5711.802432617713, "miner_name": "AMD 5870x2 (Ares) ", "miner_profit": 5710.638597001274}, {"date": "2011-08-21", "miner_cost": 1.163835616438356, "miner_revenue": 5672.2511061517225, "miner_name": "AMD 5870x2 (Ares) ", "miner_profit": 5671.087270535284}, {"date": "2011-08-24", "miner_cost": 1.163835616438356, "miner_revenue": 5583.079147115411, "miner_name": "AMD 5870x2 (Ares) ", "miner_profit": 5581.915311498972}, {"date": "2011-08-27", "miner_cost": 1.163835616438356, "miner_revenue": 4458.844998075514, "miner_name": "AMD 5870x2 (Ares) ", "miner_profit": 4457.6811624590755}, {"date": "2011-08-30", "miner_cost": 1.163835616438356, "miner_revenue": 4478.045578182864, "miner_name": "AMD 5870x2 (Ares) ", "miner_profit": 4476.881742566426}, {"date": "2011-09-02", "miner_cost": 1.163835616438356, "miner_revenue": 4224.472165558733, "miner_name": "AMD 5870x2 (Ares) ", "miner_profit": 4223.308329942294}, {"date": "2011-09-05", "miner_cost": 1.163835616438356, "miner_revenue": 4209.843263824348, "miner_name": "AMD 5870x2 (Ares) ", "miner_profit": 4208.679428207909}, {"date": "2011-09-08", "miner_cost": 1.163835616438356, "miner_revenue": 3636.128868537509, "miner_name": "AMD 5870x2 (Ares) ", "miner_profit": 3634.9650329210704}, {"date": "2011-09-11", "miner_cost": 1.163835616438356, "miner_revenue": 3678.1136560584832, "miner_name": "AMD 5870x2 (Ares) ", "miner_profit": 3676.9498204420447}, {"date": "2011-09-14", "miner_cost": 1.163835616438356, "miner_revenue": 3014.6317151229196, "miner_name": "AMD 5870x2 (Ares) ", "miner_profit": 3013.467879506481}, {"date": "2011-09-17", "miner_cost": 1.163835616438356, "miner_revenue": 2528.5159236092313, "miner_name": "AMD 5870x2 (Ares) ", "miner_profit": 2527.352087992793}, {"date": "2011-09-20", "miner_cost": 1.163835616438356, "miner_revenue": 3421.371811535287, "miner_name": "AMD 5870x2 (Ares) ", "miner_profit": 3420.2079759188487}, {"date": "2011-09-23", "miner_cost": 1.163835616438356, "miner_revenue": 2872.1198900315217, "miner_name": "AMD 5870x2 (Ares) ", "miner_profit": 2870.956054415083}, {"date": "2011-09-26", "miner_cost": 1.163835616438356, "miner_revenue": 2748.0838621009716, "miner_name": "AMD 5870x2 (Ares) ", "miner_profit": 2746.920026484533}, {"date": "2011-09-29", "miner_cost": 1.163835616438356, "miner_revenue": 2515.080953457036, "miner_name": "AMD 5870x2 (Ares) ", "miner_profit": 2513.9171178405973}, {"date": "2011-10-02", "miner_cost": 1.163835616438356, "miner_revenue": 2698.6797121586815, "miner_name": "AMD 5870x2 (Ares) ", "miner_profit": 2697.515876542243}, {"date": "2011-10-05", "miner_cost": 1.163835616438356, "miner_revenue": 2628.0220271075864, "miner_name": "AMD 5870x2 (Ares) ", "miner_profit": 2626.858191491148}, {"date": "2011-10-08", "miner_cost": 1.163835616438356, "miner_revenue": 2402.6787972508223, "miner_name": "AMD 5870x2 (Ares) ", "miner_profit": 2401.514961634384}, {"date": "2011-10-11", "miner_cost": 1.163835616438356, "miner_revenue": 2165.867130919115, "miner_name": "AMD 5870x2 (Ares) ", "miner_profit": 2164.7032953026765}, {"date": "2011-10-14", "miner_cost": 1.163835616438356, "miner_revenue": 2151.89460609901, "miner_name": "AMD 5870x2 (Ares) ", "miner_profit": 2150.7307704825716}, {"date": "2011-10-17", "miner_cost": 1.163835616438356, "miner_revenue": 2263.211365706908, "miner_name": "AMD 5870x2 (Ares) ", "miner_profit": 2262.0475300904695}, {"date": "2011-10-20", "miner_cost": 1.163835616438356, "miner_revenue": 1457.039551594623, "miner_name": "AMD 5870x2 (Ares) ", "miner_profit": 1455.8757159781846}, {"date": "2011-10-23", "miner_cost": 1.163835616438356, "miner_revenue": 2022.1897706535037, "miner_name": "AMD 5870x2 (Ares) ", "miner_profit": 2021.0259350370654}, {"date": "2011-10-26", "miner_cost": 1.163835616438356, "miner_revenue": 1730.8618729728898, "miner_name": "AMD 5870x2 (Ares) ", "miner_profit": 1729.6980373564516}, {"date": "2011-10-29", "miner_cost": 1.163835616438356, "miner_revenue": 2303.197629473728, "miner_name": "AMD 5870x2 (Ares) ", "miner_profit": 2302.0337938572893}, {"date": "2011-11-01", "miner_cost": 1.163835616438356, "miner_revenue": 2459.960952443025, "miner_name": "AMD 5870x2 (Ares) ", "miner_profit": 2458.7971168265863}, {"date": "2011-11-04", "miner_cost": 1.163835616438356, "miner_revenue": 2362.9477943141137, "miner_name": "AMD 5870x2 (Ares) ", "miner_profit": 2361.783958697675}, {"date": "2011-11-07", "miner_cost": 1.163835616438356, "miner_revenue": 2223.667504093704, "miner_name": "AMD 5870x2 (Ares) ", "miner_profit": 2222.5036684772654}, {"date": "2011-11-10", "miner_cost": 1.163835616438356, "miner_revenue": 2202.3532111232653, "miner_name": "AMD 5870x2 (Ares) ", "miner_profit": 2201.1893755068268}, {"date": "2011-11-13", "miner_cost": 1.163835616438356, "miner_revenue": 2274.7086643509274, "miner_name": "AMD 5870x2 (Ares) ", "miner_profit": 2273.544828734489}, {"date": "2011-11-16", "miner_cost": 1.163835616438356, "miner_revenue": 1926.3272101610273, "miner_name": "AMD 5870x2 (Ares) ", "miner_profit": 1925.163374544589}, {"date": "2011-11-19", "miner_cost": 1.163835616438356, "miner_revenue": 1704.082512318872, "miner_name": "AMD 5870x2 (Ares) ", "miner_profit": 1702.9186767024337}, {"date": "2011-11-22", "miner_cost": 1.163835616438356, "miner_revenue": 1741.0918087530097, "miner_name": "AMD 5870x2 (Ares) ", "miner_profit": 1739.9279731365714}, {"date": "2011-11-25", "miner_cost": 1.163835616438356, "miner_revenue": 1896.7111437991314, "miner_name": "AMD 5870x2 (Ares) ", "miner_profit": 1895.547308182693}, {"date": "2011-11-28", "miner_cost": 1.163835616438356, "miner_revenue": 1881.1867674665334, "miner_name": "AMD 5870x2 (Ares) ", "miner_profit": 1880.0229318500951}, {"date": "2011-12-01", "miner_cost": 1.163835616438356, "miner_revenue": 2543.4561543857694, "miner_name": "AMD 5870x2 (Ares) ", "miner_profit": 2542.292318769331}, {"date": "2011-12-04", "miner_cost": 1.163835616438356, "miner_revenue": 2421.9668443873443, "miner_name": "AMD 5870x2 (Ares) ", "miner_profit": 2420.8030087709058}, {"date": "2011-12-07", "miner_cost": 1.163835616438356, "miner_revenue": 2496.414555955929, "miner_name": "AMD 5870x2 (Ares) ", "miner_profit": 2495.2507203394903}, {"date": "2011-12-10", "miner_cost": 1.163835616438356, "miner_revenue": 2462.330639764342, "miner_name": "AMD 5870x2 (Ares) ", "miner_profit": 2461.1668041479033}, {"date": "2011-12-13", "miner_cost": 1.163835616438356, "miner_revenue": 2524.6733151787785, "miner_name": "AMD 5870x2 (Ares) ", "miner_profit": 2523.50947956234}, {"date": "2011-12-16", "miner_cost": 1.163835616438356, "miner_revenue": 2470.3847526115446, "miner_name": "AMD 5870x2 (Ares) ", "miner_profit": 2469.220916995106}, {"date": "2011-12-19", "miner_cost": 1.163835616438356, "miner_revenue": 2830.3393813967728, "miner_name": "AMD 5870x2 (Ares) ", "miner_profit": 2829.1755457803342}, {"date": "2011-12-22", "miner_cost": 1.163835616438356, "miner_revenue": 3053.9585628541195, "miner_name": "AMD 5870x2 (Ares) ", "miner_profit": 3052.794727237681}, {"date": "2011-12-25", "miner_cost": 1.163835616438356, "miner_revenue": 3357.0411946626155, "miner_name": "AMD 5870x2 (Ares) ", "miner_profit": 3355.877359046177}, {"date": "2011-12-28", "miner_cost": 1.163835616438356, "miner_revenue": 3190.497516884083, "miner_name": "AMD 5870x2 (Ares) ", "miner_profit": 3189.3336812676444}, {"date": "2011-12-31", "miner_cost": 1.163835616438356, "miner_revenue": 3804.3820157997375, "miner_name": "AMD 5870x2 (Ares) ", "miner_profit": 3803.218180183299}, {"date": "2012-01-03", "miner_cost": 1.163835616438356, "miner_revenue": 4030.05043311247, "miner_name": "AMD 5870x2 (Ares) ", "miner_profit": 4028.8865974960313}, {"date": "2012-01-06", "miner_cost": 1.163835616438356, "miner_revenue": 5500.858314038577, "miner_name": "AMD 5870x2 (Ares) ", "miner_profit": 5499.694478422139}, {"date": "2012-01-09", "miner_cost": 1.163835616438356, "miner_revenue": 5087.4631468029565, "miner_name": "AMD 5870x2 (Ares) ", "miner_profit": 5086.299311186518}, {"date": "2012-01-12", "miner_cost": 1.163835616438356, "miner_revenue": 4964.746809263281, "miner_name": "AMD 5870x2 (Ares) ", "miner_profit": 4963.582973646842}, {"date": "2012-01-15", "miner_cost": 1.163835616438356, "miner_revenue": 4939.3948553234695, "miner_name": "AMD 5870x2 (Ares) ", "miner_profit": 4938.231019707031}, {"date": "2012-01-18", "miner_cost": 1.163835616438356, "miner_revenue": 4914.7602506470475, "miner_name": "AMD 5870x2 (Ares) ", "miner_profit": 4913.596415030609}, {"date": "2012-01-21", "miner_cost": 1.163835616438356, "miner_revenue": 4627.314923463265, "miner_name": "AMD 5870x2 (Ares) ", "miner_profit": 4626.151087846826}, {"date": "2012-01-24", "miner_cost": 1.163835616438356, "miner_revenue": 4404.835495902649, "miner_name": "AMD 5870x2 (Ares) ", "miner_profit": 4403.671660286211}, {"date": "2012-01-27", "miner_cost": 1.163835616438356, "miner_revenue": 3853.4264231640987, "miner_name": "AMD 5870x2 (Ares) ", "miner_profit": 3852.26258754766}, {"date": "2012-01-30", "miner_cost": 1.163835616438356, "miner_revenue": 3783.9939254096735, "miner_name": "AMD 5870x2 (Ares) ", "miner_profit": 3782.830089793235}, {"date": "2012-02-02", "miner_cost": 1.163835616438356, "miner_revenue": 4192.036917448091, "miner_name": "AMD 5870x2 (Ares) ", "miner_profit": 4190.873081831653}, {"date": "2012-02-05", "miner_cost": 1.163835616438356, "miner_revenue": 3818.862894866294, "miner_name": "AMD 5870x2 (Ares) ", "miner_profit": 3817.6990592498555}, {"date": "2012-02-08", "miner_cost": 1.163835616438356, "miner_revenue": 3746.4913318190024, "miner_name": "AMD 5870x2 (Ares) ", "miner_profit": 3745.327496202564}, {"date": "2012-02-11", "miner_cost": 1.163835616438356, "miner_revenue": 3842.848158621311, "miner_name": "AMD 5870x2 (Ares) ", "miner_profit": 3841.6843230048726}, {"date": "2012-02-14", "miner_cost": 1.163835616438356, "miner_revenue": 3587.743128774317, "miner_name": "AMD 5870x2 (Ares) ", "miner_profit": 3586.5792931578785}, {"date": "2012-02-17", "miner_cost": 1.163835616438356, "miner_revenue": 3054.5715772994163, "miner_name": "AMD 5870x2 (Ares) ", "miner_profit": 3053.4077416829778}, {"date": "2012-02-20", "miner_cost": 1.163835616438356, "miner_revenue": 2901.492493250155, "miner_name": "AMD 5870x2 (Ares) ", "miner_profit": 2900.3286576337164}, {"date": "2012-02-23", "miner_cost": 1.163835616438356, "miner_revenue": 3161.5555257155, "miner_name": "AMD 5870x2 (Ares) ", "miner_profit": 3160.3916900990616}, {"date": "2012-02-26", "miner_cost": 1.163835616438356, "miner_revenue": 3209.609934971473, "miner_name": "AMD 5870x2 (Ares) ", "miner_profit": 3208.4460993550347}, {"date": "2012-02-29", "miner_cost": 1.163835616438356, "miner_revenue": 3145.145405242266, "miner_name": "AMD 5870x2 (Ares) ", "miner_profit": 3143.9815696258274}, {"date": "2012-03-03", "miner_cost": 1.163835616438356, "miner_revenue": 2821.2727981724715, "miner_name": "AMD 5870x2 (Ares) ", "miner_profit": 2820.108962556033}, {"date": "2012-03-06", "miner_cost": 1.163835616438356, "miner_revenue": 2980.772833426227, "miner_name": "AMD 5870x2 (Ares) ", "miner_profit": 2979.6089978097884}, {"date": "2012-03-09", "miner_cost": 1.163835616438356, "miner_revenue": 2921.165627177578, "miner_name": "AMD 5870x2 (Ares) ", "miner_profit": 2920.0017915611393}, {"date": "2012-03-12", "miner_cost": 1.163835616438356, "miner_revenue": 2926.6057102907366, "miner_name": "AMD 5870x2 (Ares) ", "miner_profit": 2925.441874674298}, {"date": "2012-03-15", "miner_cost": 1.163835616438356, "miner_revenue": 3217.129623334137, "miner_name": "AMD 5870x2 (Ares) ", "miner_profit": 3215.9657877176983}, {"date": "2012-03-18", "miner_cost": 1.163835616438356, "miner_revenue": 3172.2610683247094, "miner_name": "AMD 5870x2 (Ares) ", "miner_profit": 3171.097232708271}, {"date": "2012-03-21", "miner_cost": 1.163835616438356, "miner_revenue": 2871.8690324343693, "miner_name": "AMD 5870x2 (Ares) ", "miner_profit": 2870.7051968179308}, {"date": "2012-03-24", "miner_cost": 1.163835616438356, "miner_revenue": 2800.410633123343, "miner_name": "AMD 5870x2 (Ares) ", "miner_profit": 2799.2467975069044}, {"date": "2012-03-27", "miner_cost": 1.163835616438356, "miner_revenue": 2794.960195610691, "miner_name": "AMD 5870x2 (Ares) ", "miner_profit": 2793.7963599942523}, {"date": "2012-03-30", "miner_cost": 1.163835616438356, "miner_revenue": 2623.78803149192, "miner_name": "AMD 5870x2 (Ares) ", "miner_profit": 2622.6241958754813}, {"date": "2012-04-02", "miner_cost": 1.163835616438356, "miner_revenue": 2759.8612668853466, "miner_name": "AMD 5870x2 (Ares) ", "miner_profit": 2758.697431268908}, {"date": "2012-04-05", "miner_cost": 1.163835616438356, "miner_revenue": 2687.458568126231, "miner_name": "AMD 5870x2 (Ares) ", "miner_profit": 2686.2947325097925}, {"date": "2012-04-08", "miner_cost": 1.163835616438356, "miner_revenue": 2607.1722912625887, "miner_name": "AMD 5870x2 (Ares) ", "miner_profit": 2606.00845564615}, {"date": "2012-04-11", "miner_cost": 1.163835616438356, "miner_revenue": 2659.421546031853, "miner_name": "AMD 5870x2 (Ares) ", "miner_profit": 2658.2577104154143}, {"date": "2012-04-14", "miner_cost": 1.163835616438356, "miner_revenue": 2817.2774112912534, "miner_name": "AMD 5870x2 (Ares) ", "miner_profit": 2816.113575674815}, {"date": "2012-04-17", "miner_cost": 1.163835616438356, "miner_revenue": 2813.493668311902, "miner_name": "AMD 5870x2 (Ares) ", "miner_profit": 2812.3298326954637}, {"date": "2012-04-20", "miner_cost": 1.163835616438356, "miner_revenue": 2895.7552645406254, "miner_name": "AMD 5870x2 (Ares) ", "miner_profit": 2894.591428924187}, {"date": "2012-04-23", "miner_cost": 1.163835616438356, "miner_revenue": 2921.9524645852794, "miner_name": "AMD 5870x2 (Ares) ", "miner_profit": 2920.788628968841}, {"date": "2012-04-26", "miner_cost": 1.163835616438356, "miner_revenue": 2904.0064692986075, "miner_name": "AMD 5870x2 (Ares) ", "miner_profit": 2902.842633682169}, {"date": "2012-04-29", "miner_cost": 1.163835616438356, "miner_revenue": 2939.504235142421, "miner_name": "AMD 5870x2 (Ares) ", "miner_profit": 2938.3403995259823}, {"date": "2012-05-02", "miner_cost": 1.163835616438356, "miner_revenue": 3034.0523930575773, "miner_name": "AMD 5870x2 (Ares) ", "miner_profit": 3032.888557441139}, {"date": "2012-05-05", "miner_cost": 1.163835616438356, "miner_revenue": 3017.95773860434, "miner_name": "AMD 5870x2 (Ares) ", "miner_profit": 3016.7939029879017}, {"date": "2012-05-08", "miner_cost": 1.163835616438356, "miner_revenue": 2989.3548178212377, "miner_name": "AMD 5870x2 (Ares) ", "miner_profit": 2988.190982204799}, {"date": "2012-05-11", "miner_cost": 1.163835616438356, "miner_revenue": 2568.051389926045, "miner_name": "AMD 5870x2 (Ares) ", "miner_profit": 2566.8875543096065}, {"date": "2012-05-14", "miner_cost": 1.163835616438356, "miner_revenue": 2576.0303294266087, "miner_name": "AMD 5870x2 (Ares) ", "miner_profit": 2574.86649381017}, {"date": "2012-05-17", "miner_cost": 1.163835616438356, "miner_revenue": 2620.6043994437205, "miner_name": "AMD 5870x2 (Ares) ", "miner_profit": 2619.440563827282}, {"date": "2012-05-20", "miner_cost": 1.163835616438356, "miner_revenue": 2632.198807305188, "miner_name": "AMD 5870x2 (Ares) ", "miner_profit": 2631.0349716887495}, {"date": "2012-05-23", "miner_cost": 1.163835616438356, "miner_revenue": 2636.1163289667757, "miner_name": "AMD 5870x2 (Ares) ", "miner_profit": 2634.952493350337}, {"date": "2012-05-26", "miner_cost": 1.163835616438356, "miner_revenue": 2864.698182074274, "miner_name": "AMD 5870x2 (Ares) ", "miner_profit": 2863.5343464578355}, {"date": "2012-05-29", "miner_cost": 1.163835616438356, "miner_revenue": 2870.9928568938385, "miner_name": "AMD 5870x2 (Ares) ", "miner_profit": 2869.8290212774}, {"date": "2012-06-01", "miner_cost": 1.163835616438356, "miner_revenue": 2930.8956474488778, "miner_name": "AMD 5870x2 (Ares) ", "miner_profit": 2929.7318118324392}, {"date": "2012-06-04", "miner_cost": 1.163835616438356, "miner_revenue": 2940.6675908501115, "miner_name": "AMD 5870x2 (Ares) ", "miner_profit": 2939.503755233673}, {"date": "2012-06-07", "miner_cost": 1.163835616438356, "miner_revenue": 3078.583084468149, "miner_name": "AMD 5870x2 (Ares) ", "miner_profit": 3077.4192488517106}, {"date": "2012-06-10", "miner_cost": 1.163835616438356, "miner_revenue": 3143.761043305524, "miner_name": "AMD 5870x2 (Ares) ", "miner_profit": 3142.5972076890853}, {"date": "2012-06-13", "miner_cost": 1.163835616438356, "miner_revenue": 3338.9313912783814, "miner_name": "AMD 5870x2 (Ares) ", "miner_profit": 3337.767555661943}, {"date": "2012-06-16", "miner_cost": 1.163835616438356, "miner_revenue": 3694.8123256476983, "miner_name": "AMD 5870x2 (Ares) ", "miner_profit": 3693.64849003126}, {"date": "2012-06-19", "miner_cost": 1.163835616438356, "miner_revenue": 3654.571295289332, "miner_name": "AMD 5870x2 (Ares) ", "miner_profit": 3653.4074596728933}, {"date": "2012-06-22", "miner_cost": 1.163835616438356, "miner_revenue": 3492.2273909871933, "miner_name": "AMD 5870x2 (Ares) ", "miner_profit": 3491.063555370755}, {"date": "2012-06-25", "miner_cost": 1.163835616438356, "miner_revenue": 3305.1272028455905, "miner_name": "AMD 5870x2 (Ares) ", "miner_profit": 3303.963367229152}, {"date": "2012-06-28", "miner_cost": 1.163835616438356, "miner_revenue": 3419.1807582378447, "miner_name": "AMD 5870x2 (Ares) ", "miner_profit": 3418.016922621406}, {"date": "2012-07-01", "miner_cost": 1.163835616438356, "miner_revenue": 3428.859903524621, "miner_name": "AMD 5870x2 (Ares) ", "miner_profit": 3427.6960679081826}, {"date": "2012-07-04", "miner_cost": 1.163835616438356, "miner_revenue": 3307.6220447902706, "miner_name": "AMD 5870x2 (Ares) ", "miner_profit": 3306.458209173832}, {"date": "2012-07-07", "miner_cost": 1.163835616438356, "miner_revenue": 3421.4992360474203, "miner_name": "AMD 5870x2 (Ares) ", "miner_profit": 3420.3354004309817}, {"date": "2012-07-10", "miner_cost": 1.163835616438356, "miner_revenue": 3660.6799746170577, "miner_name": "AMD 5870x2 (Ares) ", "miner_profit": 3659.516139000619}, {"date": "2012-07-13", "miner_cost": 1.163835616438356, "miner_revenue": 3989.2709819293545, "miner_name": "AMD 5870x2 (Ares) ", "miner_profit": 3988.107146312916}, {"date": "2012-07-16", "miner_cost": 1.163835616438356, "miner_revenue": 4191.79018844913, "miner_name": "AMD 5870x2 (Ares) ", "miner_profit": 4190.626352832692}, {"date": "2012-07-19", "miner_cost": 1.163835616438356, "miner_revenue": 4400.869767277421, "miner_name": "AMD 5870x2 (Ares) ", "miner_profit": 4399.705931660982}, {"date": "2012-07-22", "miner_cost": 1.163835616438356, "miner_revenue": 4267.706305441516, "miner_name": "AMD 5870x2 (Ares) ", "miner_profit": 4266.542469825077}, {"date": "2012-07-25", "miner_cost": 1.163835616438356, "miner_revenue": 4157.760865003285, "miner_name": "AMD 5870x2 (Ares) ", "miner_profit": 4156.597029386847}, {"date": "2012-07-28", "miner_cost": 1.163835616438356, "miner_revenue": 4235.335582209453, "miner_name": "AMD 5870x2 (Ares) ", "miner_profit": 4234.171746593014}, {"date": "2012-07-31", "miner_cost": 1.163835616438356, "miner_revenue": 4104.956595813686, "miner_name": "AMD 5870x2 (Ares) ", "miner_profit": 4103.792760197248}, {"date": "2012-08-03", "miner_cost": 1.163835616438356, "miner_revenue": 4830.678233181656, "miner_name": "AMD 5870x2 (Ares) ", "miner_profit": 4829.514397565217}, {"date": "2012-08-06", "miner_cost": 1.163835616438356, "miner_revenue": 4911.200460041705, "miner_name": "AMD 5870x2 (Ares) ", "miner_profit": 4910.036624425266}, {"date": "2012-08-09", "miner_cost": 1.163835616438356, "miner_revenue": 5215.079650177259, "miner_name": "AMD 5870x2 (Ares) ", "miner_profit": 5213.915814560821}, {"date": "2012-08-12", "miner_cost": 1.163835616438356, "miner_revenue": 4751.900891128194, "miner_name": "AMD 5870x2 (Ares) ", "miner_profit": 4750.737055511756}, {"date": "2012-08-15", "miner_cost": 1.163835616438356, "miner_revenue": 5123.882167662808, "miner_name": "AMD 5870x2 (Ares) ", "miner_profit": 5122.718332046369}, {"date": "2012-08-18", "miner_cost": 1.163835616438356, "miner_revenue": 6167.842785621497, "miner_name": "AMD 5870x2 (Ares) ", "miner_profit": 6166.678950005058}, {"date": "2012-08-21", "miner_cost": 1.163835616438356, "miner_revenue": 4162.380003759517, "miner_name": "AMD 5870x2 (Ares) ", "miner_profit": 4161.216168143079}, {"date": "2012-08-24", "miner_cost": 1.163835616438356, "miner_revenue": 4141.212541552962, "miner_name": "AMD 5870x2 (Ares) ", "miner_profit": 4140.048705936523}, {"date": "2012-08-27", "miner_cost": 1.163835616438356, "miner_revenue": 4413.4416975947925, "miner_name": "AMD 5870x2 (Ares) ", "miner_profit": 4412.277861978354}, {"date": "2012-08-30", "miner_cost": 1.163835616438356, "miner_revenue": 3970.9479262437562, "miner_name": "AMD 5870x2 (Ares) ", "miner_profit": 3969.7840906273177}, {"date": "2012-09-02", "miner_cost": 1.163835616438356, "miner_revenue": 3702.067224201617, "miner_name": "AMD 5870x2 (Ares) ", "miner_profit": 3700.9033885851786}, {"date": "2012-09-05", "miner_cost": 1.163835616438356, "miner_revenue": 3838.474013926767, "miner_name": "AMD 5870x2 (Ares) ", "miner_profit": 3837.3101783103284}, {"date": "2012-09-08", "miner_cost": 1.163835616438356, "miner_revenue": 3686.746874577695, "miner_name": "AMD 5870x2 (Ares) ", "miner_profit": 3685.5830389612565}, {"date": "2012-09-11", "miner_cost": 1.163835616438356, "miner_revenue": 3682.9014418712554, "miner_name": "AMD 5870x2 (Ares) ", "miner_profit": 3681.737606254817}, {"date": "2012-09-14", "miner_cost": 1.163835616438356, "miner_revenue": 3861.672486952504, "miner_name": "AMD 5870x2 (Ares) ", "miner_profit": 3860.5086513360657}, {"date": "2012-09-17", "miner_cost": 1.163835616438356, "miner_revenue": 3927.5832983094715, "miner_name": "AMD 5870x2 (Ares) ", "miner_profit": 3926.419462693033}, {"date": "2012-09-20", "miner_cost": 1.163835616438356, "miner_revenue": 3922.396851834354, "miner_name": "AMD 5870x2 (Ares) ", "miner_profit": 3921.2330162179155}, {"date": "2012-09-23", "miner_cost": 1.163835616438356, "miner_revenue": 3792.412627189255, "miner_name": "AMD 5870x2 (Ares) ", "miner_profit": 3791.2487915728166}, {"date": "2012-09-26", "miner_cost": 1.163835616438356, "miner_revenue": 3795.8968602484865, "miner_name": "AMD 5870x2 (Ares) ", "miner_profit": 3794.733024632048}, {"date": "2012-09-29", "miner_cost": 1.163835616438356, "miner_revenue": 3857.5338159717357, "miner_name": "AMD 5870x2 (Ares) ", "miner_profit": 3856.3699803552972}, {"date": "2012-10-02", "miner_cost": 1.163835616438356, "miner_revenue": 3985.9668997033177, "miner_name": "AMD 5870x2 (Ares) ", "miner_profit": 3984.803064086879}, {"date": "2012-10-05", "miner_cost": 1.163835616438356, "miner_revenue": 3770.4247847870997, "miner_name": "AMD 5870x2 (Ares) ", "miner_profit": 3769.260949170661}, {"date": "2012-10-08", "miner_cost": 1.163835616438356, "miner_revenue": 3504.6273379175054, "miner_name": "AMD 5870x2 (Ares) ", "miner_profit": 3503.463502301067}, {"date": "2012-10-11", "miner_cost": 1.163835616438356, "miner_revenue": 3536.9957093593075, "miner_name": "AMD 5870x2 (Ares) ", "miner_profit": 3535.831873742869}, {"date": "2012-10-14", "miner_cost": 1.163835616438356, "miner_revenue": 3477.340992778571, "miner_name": "AMD 5870x2 (Ares) ", "miner_profit": 3476.1771571621325}, {"date": "2012-10-17", "miner_cost": 1.163835616438356, "miner_revenue": 3478.705903021627, "miner_name": "AMD 5870x2 (Ares) ", "miner_profit": 3477.5420674051884}, {"date": "2012-10-20", "miner_cost": 1.163835616438356, "miner_revenue": 3414.097761586042, "miner_name": "AMD 5870x2 (Ares) ", "miner_profit": 3412.9339259696035}, {"date": "2012-10-23", "miner_cost": 1.163835616438356, "miner_revenue": 3461.40096951345, "miner_name": "AMD 5870x2 (Ares) ", "miner_profit": 3460.2371338970115}, {"date": "2012-10-26", "miner_cost": 1.163835616438356, "miner_revenue": 3196.924129862909, "miner_name": "AMD 5870x2 (Ares) ", "miner_profit": 3195.7602942464705}, {"date": "2012-10-29", "miner_cost": 1.163835616438356, "miner_revenue": 3153.4769122420485, "miner_name": "AMD 5870x2 (Ares) ", "miner_profit": 3152.31307662561}, {"date": "2012-11-01", "miner_cost": 1.163835616438356, "miner_revenue": 3024.2333096767966, "miner_name": "AMD 5870x2 (Ares) ", "miner_profit": 3023.069474060358}, {"date": "2012-11-04", "miner_cost": 1.163835616438356, "miner_revenue": 2860.7429534798853, "miner_name": "AMD 5870x2 (Ares) ", "miner_profit": 2859.5791178634468}, {"date": "2012-11-07", "miner_cost": 1.163835616438356, "miner_revenue": 3008.653163016877, "miner_name": "AMD 5870x2 (Ares) ", "miner_profit": 3007.4893274004385}, {"date": "2012-11-10", "miner_cost": 1.163835616438356, "miner_revenue": 2936.571497836179, "miner_name": "AMD 5870x2 (Ares) ", "miner_profit": 2935.4076622197404}, {"date": "2012-11-13", "miner_cost": 1.163835616438356, "miner_revenue": 2925.173536673027, "miner_name": "AMD 5870x2 (Ares) ", "miner_profit": 2924.0097010565883}, {"date": "2012-11-16", "miner_cost": 1.163835616438356, "miner_revenue": 3107.3932781960943, "miner_name": "AMD 5870x2 (Ares) ", "miner_profit": 3106.229442579656}, {"date": "2012-11-19", "miner_cost": 1.163835616438356, "miner_revenue": 3106.927835218504, "miner_name": "AMD 5870x2 (Ares) ", "miner_profit": 3105.7639996020653}, {"date": "2012-11-22", "miner_cost": 1.163835616438356, "miner_revenue": 3229.2574548868442, "miner_name": "AMD 5870x2 (Ares) ", "miner_profit": 3228.0936192704057}, {"date": "2012-11-25", "miner_cost": 1.163835616438356, "miner_revenue": 3315.7214051307133, "miner_name": "AMD 5870x2 (Ares) ", "miner_profit": 3314.5575695142747}, {"date": "2012-11-28", "miner_cost": 1.163835616438356, "miner_revenue": 3004.801748767339, "miner_name": "AMD 5870x2 (Ares) ", "miner_profit": 3003.6379131509007}, {"date": "2012-12-01", "miner_cost": 1.163835616438356, "miner_revenue": 1640.9322207948196, "miner_name": "AMD 5870x2 (Ares) ", "miner_profit": 1639.7683851783813}, {"date": "2012-12-04", "miner_cost": 1.163835616438356, "miner_revenue": 1679.340554123741, "miner_name": "AMD 5870x2 (Ares) ", "miner_profit": 1678.1767185073027}, {"date": "2012-12-07", "miner_cost": 1.163835616438356, "miner_revenue": 1770.6884414476917, "miner_name": "AMD 5870x2 (Ares) ", "miner_profit": 1769.5246058312534}, {"date": "2012-12-10", "miner_cost": 1.163835616438356, "miner_revenue": 1755.5138121416219, "miner_name": "AMD 5870x2 (Ares) ", "miner_profit": 1754.3499765251836}, {"date": "2012-12-13", "miner_cost": 1.163835616438356, "miner_revenue": 1830.3858532143768, "miner_name": "AMD 5870x2 (Ares) ", "miner_profit": 1829.2220175979385}, {"date": "2012-12-16", "miner_cost": 1.163835616438356, "miner_revenue": 1807.2553827344123, "miner_name": "AMD 5870x2 (Ares) ", "miner_profit": 1806.091547117974}, {"date": "2012-12-19", "miner_cost": 1.163835616438356, "miner_revenue": 1774.6780024936306, "miner_name": "AMD 5870x2 (Ares) ", "miner_profit": 1773.5141668771923}, {"date": "2012-12-22", "miner_cost": 1.163835616438356, "miner_revenue": 1799.838134812295, "miner_name": "AMD 5870x2 (Ares) ", "miner_profit": 1798.6742991958567}, {"date": "2012-12-25", "miner_cost": 1.163835616438356, "miner_revenue": 1774.2433788460567, "miner_name": "AMD 5870x2 (Ares) ", "miner_profit": 1773.0795432296184}, {"date": "2012-12-28", "miner_cost": 1.163835616438356, "miner_revenue": 2040.277283906748, "miner_name": "AMD 5870x2 (Ares) ", "miner_profit": 2039.1134482903096}, {"date": "2012-12-31", "miner_cost": 1.163835616438356, "miner_revenue": 2026.3980653610522, "miner_name": "AMD 5870x2 (Ares) ", "miner_profit": 2025.234229744614}, {"date": "2013-01-03", "miner_cost": 1.163835616438356, "miner_revenue": 2012.7171807940726, "miner_name": "AMD 5870x2 (Ares) ", "miner_profit": 2011.5533451776344}, {"date": "2013-01-06", "miner_cost": 1.163835616438356, "miner_revenue": 2025.9354430258538, "miner_name": "AMD 5870x2 (Ares) ", "miner_profit": 2024.7716074094155}, {"date": "2013-01-09", "miner_cost": 1.163835616438356, "miner_revenue": 1904.6328420013404, "miner_name": "AMD 5870x2 (Ares) ", "miner_profit": 1903.469006384902}, {"date": "2013-01-12", "miner_cost": 1.163835616438356, "miner_revenue": 1974.826733281162, "miner_name": "AMD 5870x2 (Ares) ", "miner_profit": 1973.6628976647237}, {"date": "2013-01-15", "miner_cost": 1.163835616438356, "miner_revenue": 1988.517847443437, "miner_name": "AMD 5870x2 (Ares) ", "miner_profit": 1987.3540118269987}, {"date": "2013-01-18", "miner_cost": 1.163835616438356, "miner_revenue": 2199.197997384025, "miner_name": "AMD 5870x2 (Ares) ", "miner_profit": 2198.0341617675863}, {"date": "2013-01-21", "miner_cost": 1.163835616438356, "miner_revenue": 2326.257989574789, "miner_name": "AMD 5870x2 (Ares) ", "miner_profit": 2325.0941539583505}, {"date": "2013-01-24", "miner_cost": 1.163835616438356, "miner_revenue": 2637.193794380227, "miner_name": "AMD 5870x2 (Ares) ", "miner_profit": 2636.0299587637883}, {"date": "2013-01-27", "miner_cost": 1.163835616438356, "miner_revenue": 2710.3284669992186, "miner_name": "AMD 5870x2 (Ares) ", "miner_profit": 2709.16463138278}, {"date": "2013-01-30", "miner_cost": 1.163835616438356, "miner_revenue": 2961.5887610910913, "miner_name": "AMD 5870x2 (Ares) ", "miner_profit": 2960.424925474653}, {"date": "2013-02-02", "miner_cost": 1.163835616438356, "miner_revenue": 3180.397101400761, "miner_name": "AMD 5870x2 (Ares) ", "miner_profit": 3179.2332657843226}, {"date": "2013-02-05", "miner_cost": 1.163835616438356, "miner_revenue": 2830.0320268073033, "miner_name": "AMD 5870x2 (Ares) ", "miner_profit": 2828.8681911908648}, {"date": "2013-02-08", "miner_cost": 1.163835616438356, "miner_revenue": 3027.642831177637, "miner_name": "AMD 5870x2 (Ares) ", "miner_profit": 3026.4789955611986}, {"date": "2013-02-11", "miner_cost": 1.163835616438356, "miner_revenue": 3301.9533843749164, "miner_name": "AMD 5870x2 (Ares) ", "miner_profit": 3300.789548758478}, {"date": "2013-02-14", "miner_cost": 1.163835616438356, "miner_revenue": 3619.32335830041, "miner_name": "AMD 5870x2 (Ares) ", "miner_profit": 3618.1595226839713}, {"date": "2013-02-17", "miner_cost": 1.163835616438356, "miner_revenue": 3488.580416677245, "miner_name": "AMD 5870x2 (Ares) ", "miner_profit": 3487.4165810608065}, {"date": "2013-02-20", "miner_cost": 1.163835616438356, "miner_revenue": 3645.559437939594, "miner_name": "AMD 5870x2 (Ares) ", "miner_profit": 3644.3956023231553}, {"date": "2013-02-23", "miner_cost": 1.163835616438356, "miner_revenue": 3584.007090643172, "miner_name": "AMD 5870x2 (Ares) ", "miner_profit": 3582.8432550267335}, {"date": "2013-02-26", "miner_cost": 1.163835616438356, "miner_revenue": 3823.382018679621, "miner_name": "AMD 5870x2 (Ares) ", "miner_profit": 3822.2181830631826}, {"date": "2013-03-01", "miner_cost": 1.163835616438356, "miner_revenue": 3589.2733252947082, "miner_name": "AMD 5870x2 (Ares) ", "miner_profit": 3588.1094896782697}, {"date": "2013-03-04", "miner_cost": 1.163835616438356, "miner_revenue": 3719.221768709566, "miner_name": "AMD 5870x2 (Ares) ", "miner_profit": 3718.0579330931273}, {"date": "2013-03-07", "miner_cost": 1.163835616438356, "miner_revenue": 4474.296164482751, "miner_name": "AMD 5870x2 (Ares) ", "miner_profit": 4473.1323288663125}, {"date": "2013-03-10", "miner_cost": 1.163835616438356, "miner_revenue": 4765.841049320419, "miner_name": "AMD 5870x2 (Ares) ", "miner_profit": 4764.677213703981}, {"date": "2013-03-13", "miner_cost": 1.163835616438356, "miner_revenue": 4808.537239234341, "miner_name": "AMD 5870x2 (Ares) ", "miner_profit": 4807.373403617902}, {"date": "2013-03-16", "miner_cost": 1.163835616438356, "miner_revenue": 4327.202916676854, "miner_name": "AMD 5870x2 (Ares) ", "miner_profit": 4326.039081060416}, {"date": "2013-03-19", "miner_cost": 1.163835616438356, "miner_revenue": 5317.815269229972, "miner_name": "AMD 5870x2 (Ares) ", "miner_profit": 5316.651433613533}, {"date": "2013-03-22", "miner_cost": 1.163835616438356, "miner_revenue": 6586.836045965885, "miner_name": "AMD 5870x2 (Ares) ", "miner_profit": 6585.672210349447}, {"date": "2013-03-25", "miner_cost": 1.163835616438356, "miner_revenue": 4939.925372926245, "miner_name": "AMD 5870x2 (Ares) ", "miner_profit": 4938.761537309806}, {"date": "2013-03-28", "miner_cost": 1.163835616438356, "miner_revenue": 6232.357749663462, "miner_name": "AMD 5870x2 (Ares) ", "miner_profit": 6231.193914047023}, {"date": "2013-03-31", "miner_cost": 1.163835616438356, "miner_revenue": 6183.869070879185, "miner_name": "AMD 5870x2 (Ares) ", "miner_profit": 6182.705235262746}, {"date": "2013-04-03", "miner_cost": 1.163835616438356, "miner_revenue": 9300.642492902776, "miner_name": "AMD 5870x2 (Ares) ", "miner_profit": 9299.478657286338}, {"date": "2013-04-06", "miner_cost": 1.163835616438356, "miner_revenue": 8282.325378517133, "miner_name": "AMD 5870x2 (Ares) ", "miner_profit": 8281.161542900694}, {"date": "2013-04-09", "miner_cost": 1.163835616438356, "miner_revenue": 13835.844185717753, "miner_name": "AMD 5870x2 (Ares) ", "miner_profit": 13834.680350101315}, {"date": "2013-04-12", "miner_cost": 1.163835616438356, "miner_revenue": 4457.635116089313, "miner_name": "AMD 5870x2 (Ares) ", "miner_profit": 4456.471280472874}, {"date": "2013-04-15", "miner_cost": 1.163835616438356, "miner_revenue": 5336.282200384353, "miner_name": "AMD 5870x2 (Ares) ", "miner_profit": 5335.1183647679145}, {"date": "2013-04-18", "miner_cost": 1.163835616438356, "miner_revenue": 4835.437923466923, "miner_name": "AMD 5870x2 (Ares) ", "miner_profit": 4834.274087850485}, {"date": "2013-04-21", "miner_cost": 1.163835616438356, "miner_revenue": 6196.982104269411, "miner_name": "AMD 5870x2 (Ares) ", "miner_profit": 6195.818268652973}, {"date": "2013-04-24", "miner_cost": 1.163835616438356, "miner_revenue": 7673.958999825858, "miner_name": "AMD 5870x2 (Ares) ", "miner_profit": 7672.795164209419}, {"date": "2013-04-27", "miner_cost": 1.163835616438356, "miner_revenue": 6364.4769447617355, "miner_name": "AMD 5870x2 (Ares) ", "miner_profit": 6363.313109145297}, {"date": "2013-04-30", "miner_cost": 1.163835616438356, "miner_revenue": 6184.341549404428, "miner_name": "AMD 5870x2 (Ares) ", "miner_profit": 6183.17771378799}, {"date": "2013-05-03", "miner_cost": 1.163835616438356, "miner_revenue": 4136.402685967361, "miner_name": "AMD 5870x2 (Ares) ", "miner_profit": 4135.238850350923}, {"date": "2013-05-06", "miner_cost": 1.163835616438356, "miner_revenue": 5365.247982835364, "miner_name": "AMD 5870x2 (Ares) ", "miner_profit": 5364.084147218926}, {"date": "2013-05-09", "miner_cost": 1.163835616438356, "miner_revenue": 4879.8248030919785, "miner_name": "AMD 5870x2 (Ares) ", "miner_profit": 4878.66096747554}, {"date": "2013-05-12", "miner_cost": 1.163835616438356, "miner_revenue": 5076.098764236798, "miner_name": "AMD 5870x2 (Ares) ", "miner_profit": 5074.93492862036}, {"date": "2013-05-15", "miner_cost": 1.163835616438356, "miner_revenue": 4598.945399801896, "miner_name": "AMD 5870x2 (Ares) ", "miner_profit": 4597.781564185458}, {"date": "2013-05-18", "miner_cost": 1.163835616438356, "miner_revenue": 4936.218336515989, "miner_name": "AMD 5870x2 (Ares) ", "miner_profit": 4935.0545008995505}, {"date": "2013-05-21", "miner_cost": 1.163835616438356, "miner_revenue": 4889.5647840337415, "miner_name": "AMD 5870x2 (Ares) ", "miner_profit": 4888.400948417303}, {"date": "2013-05-24", "miner_cost": 1.163835616438356, "miner_revenue": 5242.820416163859, "miner_name": "AMD 5870x2 (Ares) ", "miner_profit": 5241.65658054742}, {"date": "2013-05-27", "miner_cost": 1.163835616438356, "miner_revenue": 4870.657112148691, "miner_name": "AMD 5870x2 (Ares) ", "miner_profit": 4869.493276532253}, {"date": "2013-05-30", "miner_cost": 1.163835616438356, "miner_revenue": 4811.170229878441, "miner_name": "AMD 5870x2 (Ares) ", "miner_profit": 4810.006394262003}, {"date": "2013-06-02", "miner_cost": 1.163835616438356, "miner_revenue": 4419.558005097064, "miner_name": "AMD 5870x2 (Ares) ", "miner_profit": 4418.394169480625}, {"date": "2013-06-05", "miner_cost": 1.163835616438356, "miner_revenue": 3504.58066339265, "miner_name": "AMD 5870x2 (Ares) ", "miner_profit": 3503.4168277762114}, {"date": "2013-06-08", "miner_cost": 1.163835616438356, "miner_revenue": 3082.862751049738, "miner_name": "AMD 5870x2 (Ares) ", "miner_profit": 3081.6989154332996}, {"date": "2013-06-11", "miner_cost": 1.163835616438356, "miner_revenue": 3088.4831323673325, "miner_name": "AMD 5870x2 (Ares) ", "miner_profit": 3087.319296750894}, {"date": "2013-06-14", "miner_cost": 1.163835616438356, "miner_revenue": 2854.4873153422136, "miner_name": "AMD 5870x2 (Ares) ", "miner_profit": 2853.323479725775}, {"date": "2013-06-17", "miner_cost": 1.163835616438356, "miner_revenue": 2316.0816999783665, "miner_name": "AMD 5870x2 (Ares) ", "miner_profit": 2314.917864361928}, {"date": "2013-06-20", "miner_cost": 1.163835616438356, "miner_revenue": 2599.952260949853, "miner_name": "AMD 5870x2 (Ares) ", "miner_profit": 2598.7884253334146}, {"date": "2013-06-23", "miner_cost": 1.163835616438356, "miner_revenue": 2481.016324278093, "miner_name": "AMD 5870x2 (Ares) ", "miner_profit": 2479.8524886616547}, {"date": "2013-06-26", "miner_cost": 1.163835616438356, "miner_revenue": 2402.9866753079305, "miner_name": "AMD 5870x2 (Ares) ", "miner_profit": 2401.822839691492}, {"date": "2013-06-29", "miner_cost": 1.163835616438356, "miner_revenue": 1996.1076221013607, "miner_name": "AMD 5870x2 (Ares) ", "miner_profit": 1994.9437864849224}, {"date": "2013-07-02", "miner_cost": 1.163835616438356, "miner_revenue": 1870.80903883422, "miner_name": "AMD 5870x2 (Ares) ", "miner_profit": 1869.6452032177817}, {"date": "2013-07-05", "miner_cost": 1.163835616438356, "miner_revenue": 1414.8803651636367, "miner_name": "AMD 5870x2 (Ares) ", "miner_profit": 1413.7165295471984}, {"date": "2013-07-08", "miner_cost": 1.163835616438356, "miner_revenue": 1617.5595355608561, "miner_name": "AMD 5870x2 (Ares) ", "miner_profit": 1616.3956999444179}, {"date": "2013-07-11", "miner_cost": 1.163835616438356, "miner_revenue": 1480.9686916287437, "miner_name": "AMD 5870x2 (Ares) ", "miner_profit": 1479.8048560123054}, {"date": "2013-07-14", "miner_cost": 1.163835616438356, "miner_revenue": 1611.2891356772498, "miner_name": "AMD 5870x2 (Ares) ", "miner_profit": 1610.1253000608115}, {"date": "2013-07-17", "miner_cost": 1.163835616438356, "miner_revenue": 1666.383589673635, "miner_name": "AMD 5870x2 (Ares) ", "miner_profit": 1665.2197540571967}, {"date": "2013-07-20", "miner_cost": 1.163835616438356, "miner_revenue": 1557.6094404590485, "miner_name": "AMD 5870x2 (Ares) ", "miner_profit": 1556.4456048426102}, {"date": "2013-07-23", "miner_cost": 1.163835616438356, "miner_revenue": 1359.1581691889087, "miner_name": "AMD 5870x2 (Ares) ", "miner_profit": 1357.9943335724704}, {"date": "2013-07-26", "miner_cost": 1.163835616438356, "miner_revenue": 1368.474861485856, "miner_name": "AMD 5870x2 (Ares) ", "miner_profit": 1367.3110258694178}, {"date": "2013-07-29", "miner_cost": 1.163835616438356, "miner_revenue": 1437.7118876459904, "miner_name": "AMD 5870x2 (Ares) ", "miner_profit": 1436.548052029552}, {"date": "2013-08-01", "miner_cost": 1.163835616438356, "miner_revenue": 1481.729513336964, "miner_name": "AMD 5870x2 (Ares) ", "miner_profit": 1480.5656777205256}, {"date": "2013-08-04", "miner_cost": 1.163835616438356, "miner_revenue": 1245.3196291033269, "miner_name": "AMD 5870x2 (Ares) ", "miner_profit": 1244.1557934868886}, {"date": "2013-08-07", "miner_cost": 1.163835616438356, "miner_revenue": 1255.4972922219847, "miner_name": "AMD 5870x2 (Ares) ", "miner_profit": 1254.3334566055464}, {"date": "2013-08-10", "miner_cost": 1.163835616438356, "miner_revenue": 1218.8455025331325, "miner_name": "AMD 5870x2 (Ares) ", "miner_profit": 1217.6816669166942}, {"date": "2013-08-13", "miner_cost": 1.163835616438356, "miner_revenue": 938.0960510987996, "miner_name": "AMD 5870x2 (Ares) ", "miner_profit": 936.9322154823612}, {"date": "2013-08-16", "miner_cost": 1.163835616438356, "miner_revenue": 865.0435199924673, "miner_name": "AMD 5870x2 (Ares) ", "miner_profit": 863.8796843760289}, {"date": "2013-08-19", "miner_cost": 1.163835616438356, "miner_revenue": 894.3973138893, "miner_name": "AMD 5870x2 (Ares) ", "miner_profit": 893.2334782728616}, {"date": "2013-08-22", "miner_cost": 1.163835616438356, "miner_revenue": 971.5779408860038, "miner_name": "AMD 5870x2 (Ares) ", "miner_profit": 970.4141052695654}, {"date": "2013-08-25", "miner_cost": 1.163835616438356, "miner_revenue": 764.5667658320518, "miner_name": "AMD 5870x2 (Ares) ", "miner_profit": 763.4029302156134}, {"date": "2013-08-28", "miner_cost": 1.163835616438356, "miner_revenue": 847.4612919112388, "miner_name": "AMD 5870x2 (Ares) ", "miner_profit": 846.2974562948004}, {"date": "2013-08-31", "miner_cost": 1.163835616438356, "miner_revenue": 896.8187551871979, "miner_name": "AMD 5870x2 (Ares) ", "miner_profit": 895.6549195707595}, {"date": "2013-09-03", "miner_cost": 1.163835616438356, "miner_revenue": 881.7475934590004, "miner_name": "AMD 5870x2 (Ares) ", "miner_profit": 880.583757842562}, {"date": "2013-09-06", "miner_cost": 1.163835616438356, "miner_revenue": 626.229817066716, "miner_name": "AMD 5870x2 (Ares) ", "miner_profit": 625.0659814502776}, {"date": "2013-09-09", "miner_cost": 1.163835616438356, "miner_revenue": 621.7894923741386, "miner_name": "AMD 5870x2 (Ares) ", "miner_profit": 620.6256567577002}, {"date": "2013-09-12", "miner_cost": 1.163835616438356, "miner_revenue": 655.4470047399245, "miner_name": "AMD 5870x2 (Ares) ", "miner_profit": 654.2831691234861}, {"date": "2013-09-15", "miner_cost": 1.163835616438356, "miner_revenue": 494.44445676148314, "miner_name": "AMD 5870x2 (Ares) ", "miner_profit": 493.2806211450448}, {"date": "2013-09-18", "miner_cost": 1.163835616438356, "miner_revenue": 538.8398550582825, "miner_name": "AMD 5870x2 (Ares) ", "miner_profit": 537.6760194418441}, {"date": "2013-09-21", "miner_cost": 1.163835616438356, "miner_revenue": 486.872798833555, "miner_name": "AMD 5870x2 (Ares) ", "miner_profit": 485.70896321711666}, {"date": "2013-09-24", "miner_cost": 1.163835616438356, "miner_revenue": 483.57736248928103, "miner_name": "AMD 5870x2 (Ares) ", "miner_profit": 482.4135268728427}, {"date": "2013-09-27", "miner_cost": 1.163835616438356, "miner_revenue": 379.61053445947107, "miner_name": "AMD 5870x2 (Ares) ", "miner_profit": 378.4466988430327}, {"date": "2013-09-30", "miner_cost": 1.163835616438356, "miner_revenue": 375.62582985104876, "miner_name": "AMD 5870x2 (Ares) ", "miner_profit": 374.4619942346104}, {"date": "2013-10-03", "miner_cost": 1.163835616438356, "miner_revenue": 349.6693854696682, "miner_name": "AMD 5870x2 (Ares) ", "miner_profit": 348.50554985322987}, {"date": "2013-10-06", "miner_cost": 1.163835616438356, "miner_revenue": 284.85025952917863, "miner_name": "AMD 5870x2 (Ares) ", "miner_profit": 283.6864239127403}, {"date": "2013-10-09", "miner_cost": 1.163835616438356, "miner_revenue": 295.7288847938737, "miner_name": "AMD 5870x2 (Ares) ", "miner_profit": 294.56504917743536}, {"date": "2013-10-12", "miner_cost": 1.163835616438356, "miner_revenue": 299.4372708664371, "miner_name": "AMD 5870x2 (Ares) ", "miner_profit": 298.2734352499987}, {"date": "2013-10-15", "miner_cost": 1.163835616438356, "miner_revenue": 327.23151055032815, "miner_name": "AMD 5870x2 (Ares) ", "miner_profit": 326.0676749338898}, {"date": "2013-10-18", "miner_cost": 1.163835616438356, "miner_revenue": 250.94630156365008, "miner_name": "AMD 5870x2 (Ares) ", "miner_profit": 249.78246594721173}, {"date": "2013-10-21", "miner_cost": 1.163835616438356, "miner_revenue": 294.12680101682565, "miner_name": "AMD 5870x2 (Ares) ", "miner_profit": 292.9629654003873}, {"date": "2013-10-24", "miner_cost": 1.163835616438356, "miner_revenue": 325.92036335634685, "miner_name": "AMD 5870x2 (Ares) ", "miner_profit": 324.7565277399085}, {"date": "2013-10-27", "miner_cost": 1.163835616438356, "miner_revenue": 215.66888166532416, "miner_name": "AMD 5870x2 (Ares) ", "miner_profit": 214.50504604888582}, {"date": "2013-10-30", "miner_cost": 1.163835616438356, "miner_revenue": 231.51298525515134, "miner_name": "AMD 5870x2 (Ares) ", "miner_profit": 230.349149638713}, {"date": "2013-11-02", "miner_cost": 1.163835616438356, "miner_revenue": 231.56743961892926, "miner_name": "AMD 5870x2 (Ares) ", "miner_profit": 230.4036040024909}, {"date": "2013-11-05", "miner_cost": 1.163835616438356, "miner_revenue": 281.6521557889687, "miner_name": "AMD 5870x2 (Ares) ", "miner_profit": 280.48832017253034}, {"date": "2013-11-08", "miner_cost": 1.163835616438356, "miner_revenue": 290.4961750506172, "miner_name": "AMD 5870x2 (Ares) ", "miner_profit": 289.33233943417883}, {"date": "2013-11-11", "miner_cost": 1.163835616438356, "miner_revenue": 297.0311367860291, "miner_name": "AMD 5870x2 (Ares) ", "miner_profit": 295.86730116959075}, {"date": "2013-11-14", "miner_cost": 1.163835616438356, "miner_revenue": 361.90953502062837, "miner_name": "AMD 5870x2 (Ares) ", "miner_profit": 360.74569940419}, {"date": "2013-11-17", "miner_cost": 1.163835616438356, "miner_revenue": 336.477533889725, "miner_name": "AMD 5870x2 (Ares) ", "miner_profit": 335.31369827328666}, {"date": "2013-11-20", "miner_cost": 1.163835616438356, "miner_revenue": 433.7108098824468, "miner_name": "AMD 5870x2 (Ares) ", "miner_profit": 432.5469742660085}, {"date": "2013-11-23", "miner_cost": 1.163835616438356, "miner_revenue": 610.2558517921864, "miner_name": "AMD 5870x2 (Ares) ", "miner_profit": 609.092016175748}, {"date": "2013-11-26", "miner_cost": 1.163835616438356, "miner_revenue": 615.6971557472234, "miner_name": "AMD 5870x2 (Ares) ", "miner_profit": 614.533320130785}, {"date": "2013-11-29", "miner_cost": 1.163835616438356, "miner_revenue": 680.2189039673331, "miner_name": "AMD 5870x2 (Ares) ", "miner_profit": 679.0550683508947}, {"date": "2013-12-02", "miner_cost": 2.304, "miner_revenue": 708.7186080529104, "miner_name": "AntMiner C1", "miner_profit": 706.4146080529105}, {"date": "2013-12-05", "miner_cost": 2.304, "miner_revenue": 734.6637850899409, "miner_name": "AntMiner C1", "miner_profit": 732.3597850899409}, {"date": "2013-12-08", "miner_cost": 2.304, "miner_revenue": 517.6670922721038, "miner_name": "AntMiner C1", "miner_profit": 515.3630922721038}, {"date": "2013-12-11", "miner_cost": 2.304, "miner_revenue": 492.7618846422367, "miner_name": "AntMiner C1", "miner_profit": 490.4578846422367}, {"date": "2013-12-14", "miner_cost": 2.304, "miner_revenue": 479.9913558918765, "miner_name": "AntMiner C1", "miner_profit": 477.6873558918765}, {"date": "2013-12-17", "miner_cost": 2.304, "miner_revenue": 389.95717880819404, "miner_name": "AntMiner C1", "miner_profit": 387.65317880819407}, {"date": "2013-12-20", "miner_cost": 2.304, "miner_revenue": 366.5709119113424, "miner_name": "AntMiner C1", "miner_profit": 364.26691191134245}, {"date": "2013-12-23", "miner_cost": 2.304, "miner_revenue": 273.26531337218876, "miner_name": "AntMiner C1", "miner_profit": 270.9613133721888}, {"date": "2013-12-26", "miner_cost": 2.304, "miner_revenue": 313.53278617243245, "miner_name": "AntMiner C1", "miner_profit": 311.2287861724325}, {"date": "2013-12-29", "miner_cost": 2.304, "miner_revenue": 305.29716447839394, "miner_name": "AntMiner C1", "miner_profit": 302.99316447839396}, {"date": "2014-01-01", "miner_cost": 2.304, "miner_revenue": 318.65132138661653, "miner_name": "AntMiner C1", "miner_profit": 316.34732138661656}, {"date": "2014-01-04", "miner_cost": 2.304, "miner_revenue": 292.5155980564216, "miner_name": "AntMiner C1", "miner_profit": 290.2115980564216}, {"date": "2014-01-07", "miner_cost": 2.304, "miner_revenue": 308.5111590850356, "miner_name": "AntMiner C1", "miner_profit": 306.20715908503564}, {"date": "2014-01-10", "miner_cost": 2.304, "miner_revenue": 294.0681690197976, "miner_name": "AntMiner C1", "miner_profit": 291.76416901979763}, {"date": "2014-01-13", "miner_cost": 2.304, "miner_revenue": 227.56028086667254, "miner_name": "AntMiner C1", "miner_profit": 225.25628086667254}, {"date": "2014-01-16", "miner_cost": 2.304, "miner_revenue": 234.11392817003127, "miner_name": "AntMiner C1", "miner_profit": 231.80992817003127}, {"date": "2014-01-19", "miner_cost": 2.304, "miner_revenue": 234.70765864380962, "miner_name": "AntMiner C1", "miner_profit": 232.40365864380962}, {"date": "2014-01-22", "miner_cost": 2.304, "miner_revenue": 229.11578907627592, "miner_name": "AntMiner C1", "miner_profit": 226.81178907627591}, {"date": "2014-01-25", "miner_cost": 2.304, "miner_revenue": 185.33833486016056, "miner_name": "AntMiner C1", "miner_profit": 183.03433486016056}, {"date": "2014-01-28", "miner_cost": 2.304, "miner_revenue": 184.01119362845, "miner_name": "AntMiner C1", "miner_profit": 181.70719362845}, {"date": "2014-01-31", "miner_cost": 2.304, "miner_revenue": 184.5237112647479, "miner_name": "AntMiner C1", "miner_profit": 182.2197112647479}, {"date": "2014-02-03", "miner_cost": 2.304, "miner_revenue": 187.01579280936556, "miner_name": "AntMiner C1", "miner_profit": 184.71179280936556}, {"date": "2014-02-06", "miner_cost": 2.304, "miner_revenue": 149.75913901700383, "miner_name": "AntMiner C1", "miner_profit": 147.45513901700383}, {"date": "2014-02-09", "miner_cost": 2.304, "miner_revenue": 136.60980123385363, "miner_name": "AntMiner C1", "miner_profit": 134.30580123385363}, {"date": "2014-02-12", "miner_cost": 2.304, "miner_revenue": 128.42505051880764, "miner_name": "AntMiner C1", "miner_profit": 126.12105051880764}, {"date": "2014-02-15", "miner_cost": 2.304, "miner_revenue": 125.33540393302172, "miner_name": "AntMiner C1", "miner_profit": 123.03140393302172}, {"date": "2014-02-18", "miner_cost": 2.304, "miner_revenue": 101.29928388874463, "miner_name": "AntMiner C1", "miner_profit": 98.99528388874462}, {"date": "2014-02-21", "miner_cost": 2.304, "miner_revenue": 91.28369324019678, "miner_name": "AntMiner C1", "miner_profit": 88.97969324019678}, {"date": "2014-02-24", "miner_cost": 2.304, "miner_revenue": 87.83029749431009, "miner_name": "AntMiner C1", "miner_profit": 85.52629749431009}, {"date": "2014-02-27", "miner_cost": 2.304, "miner_revenue": 94.30395446742281, "miner_name": "AntMiner C1", "miner_profit": 91.99995446742281}, {"date": "2014-03-02", "miner_cost": 2.304, "miner_revenue": 74.01035775791011, "miner_name": "AntMiner C1", "miner_profit": 71.70635775791011}, {"date": "2014-03-05", "miner_cost": 2.304, "miner_revenue": 87.93233396978971, "miner_name": "AntMiner C1", "miner_profit": 85.62833396978971}, {"date": "2014-03-08", "miner_cost": 2.304, "miner_revenue": 80.48664577004159, "miner_name": "AntMiner C1", "miner_profit": 78.18264577004159}, {"date": "2014-03-11", "miner_cost": 2.304, "miner_revenue": 82.39172177293449, "miner_name": "AntMiner C1", "miner_profit": 80.08772177293449}, {"date": "2014-03-14", "miner_cost": 2.304, "miner_revenue": 75.61479697048979, "miner_name": "AntMiner C1", "miner_profit": 73.31079697048979}, {"date": "2014-03-17", "miner_cost": 2.304, "miner_revenue": 74.15123228354214, "miner_name": "AntMiner C1", "miner_profit": 71.84723228354214}, {"date": "2014-03-20", "miner_cost": 2.304, "miner_revenue": 70.03012421770167, "miner_name": "AntMiner C1", "miner_profit": 67.72612421770167}, {"date": "2014-03-23", "miner_cost": 2.304, "miner_revenue": 67.28992759385778, "miner_name": "AntMiner C1", "miner_profit": 64.98592759385778}, {"date": "2014-03-26", "miner_cost": 2.304, "miner_revenue": 59.054053187528964, "miner_name": "AntMiner C1", "miner_profit": 56.75005318752896}, {"date": "2014-03-29", "miner_cost": 2.304, "miner_revenue": 50.32220003691917, "miner_name": "AntMiner C1", "miner_profit": 48.01820003691917}, {"date": "2014-04-01", "miner_cost": 2.304, "miner_revenue": 48.293545364031296, "miner_name": "AntMiner C1", "miner_profit": 45.989545364031294}, {"date": "2014-04-04", "miner_cost": 2.304, "miner_revenue": 44.91538059066175, "miner_name": "AntMiner C1", "miner_profit": 42.611380590661746}, {"date": "2014-04-07", "miner_cost": 2.304, "miner_revenue": 36.92596510156699, "miner_name": "AntMiner C1", "miner_profit": 34.621965101566985}, {"date": "2014-04-10", "miner_cost": 2.304, "miner_revenue": 33.11203746532048, "miner_name": "AntMiner C1", "miner_profit": 30.808037465320485}, {"date": "2014-04-13", "miner_cost": 2.304, "miner_revenue": 33.34278542458285, "miner_name": "AntMiner C1", "miner_profit": 31.03878542458285}, {"date": "2014-04-16", "miner_cost": 2.304, "miner_revenue": 42.20392756055824, "miner_name": "AntMiner C1", "miner_profit": 39.89992756055824}, {"date": "2014-04-19", "miner_cost": 2.304, "miner_revenue": 36.13906350460006, "miner_name": "AntMiner C1", "miner_profit": 33.83506350460006}, {"date": "2014-04-22", "miner_cost": 2.304, "miner_revenue": 35.689197153912644, "miner_name": "AntMiner C1", "miner_profit": 33.38519715391264}, {"date": "2014-04-25", "miner_cost": 2.304, "miner_revenue": 33.200567156109976, "miner_name": "AntMiner C1", "miner_profit": 30.896567156109978}, {"date": "2014-04-28", "miner_cost": 2.304, "miner_revenue": 32.30516664719801, "miner_name": "AntMiner C1", "miner_profit": 30.00116664719801}, {"date": "2014-05-01", "miner_cost": 2.304, "miner_revenue": 28.99765676021555, "miner_name": "AntMiner C1", "miner_profit": 26.69365676021555}, {"date": "2014-05-04", "miner_cost": 2.304, "miner_revenue": 27.483975548979828, "miner_name": "AntMiner C1", "miner_profit": 25.17997554897983}, {"date": "2014-05-07", "miner_cost": 2.304, "miner_revenue": 28.16483247507956, "miner_name": "AntMiner C1", "miner_profit": 25.86083247507956}, {"date": "2014-05-10", "miner_cost": 2.304, "miner_revenue": 28.502221090034062, "miner_name": "AntMiner C1", "miner_profit": 26.198221090034064}, {"date": "2014-05-13", "miner_cost": 2.304, "miner_revenue": 25.01062010291446, "miner_name": "AntMiner C1", "miner_profit": 22.70662010291446}, {"date": "2014-05-16", "miner_cost": 2.304, "miner_revenue": 25.601549168949617, "miner_name": "AntMiner C1", "miner_profit": 23.29754916894962}, {"date": "2014-05-19", "miner_cost": 2.304, "miner_revenue": 25.415987948431827, "miner_name": "AntMiner C1", "miner_profit": 23.11198794843183}, {"date": "2014-05-22", "miner_cost": 2.304, "miner_revenue": 29.842014869103018, "miner_name": "AntMiner C1", "miner_profit": 27.53801486910302}, {"date": "2014-05-25", "miner_cost": 2.304, "miner_revenue": 27.7231105071729, "miner_name": "AntMiner C1", "miner_profit": 25.419110507172903}, {"date": "2014-05-28", "miner_cost": 2.304, "miner_revenue": 27.706104291847296, "miner_name": "AntMiner C1", "miner_profit": 25.402104291847298}, {"date": "2014-05-31", "miner_cost": 2.304, "miner_revenue": 29.913973500591513, "miner_name": "AntMiner C1", "miner_profit": 27.609973500591515}, {"date": "2014-06-03", "miner_cost": 2.304, "miner_revenue": 32.50386292738628, "miner_name": "AntMiner C1", "miner_profit": 30.19986292738628}, {"date": "2014-06-06", "miner_cost": 2.304, "miner_revenue": 28.13464589178377, "miner_name": "AntMiner C1", "miner_profit": 25.83064589178377}, {"date": "2014-06-09", "miner_cost": 2.304, "miner_revenue": 27.926960679027285, "miner_name": "AntMiner C1", "miner_profit": 25.622960679027287}, {"date": "2014-06-12", "miner_cost": 2.304, "miner_revenue": 26.47536289727518, "miner_name": "AntMiner C1", "miner_profit": 24.17136289727518}, {"date": "2014-06-15", "miner_cost": 2.304, "miner_revenue": 24.02268518529977, "miner_name": "AntMiner C1", "miner_profit": 21.718685185299773}, {"date": "2014-06-18", "miner_cost": 2.304, "miner_revenue": 22.64948060694067, "miner_name": "AntMiner C1", "miner_profit": 20.345480606940672}, {"date": "2014-06-21", "miner_cost": 2.304, "miner_revenue": 22.119339895981202, "miner_name": "AntMiner C1", "miner_profit": 19.815339895981204}, {"date": "2014-06-24", "miner_cost": 2.304, "miner_revenue": 21.922303482507566, "miner_name": "AntMiner C1", "miner_profit": 19.618303482507567}, {"date": "2014-06-27", "miner_cost": 2.304, "miner_revenue": 22.048890625045104, "miner_name": "AntMiner C1", "miner_profit": 19.744890625045105}, {"date": "2014-06-30", "miner_cost": 2.304, "miner_revenue": 18.598882075572817, "miner_name": "AntMiner C1", "miner_profit": 16.29488207557282}, {"date": "2014-07-03", "miner_cost": 2.304, "miner_revenue": 19.32212385023351, "miner_name": "AntMiner C1", "miner_profit": 17.01812385023351}, {"date": "2014-07-06", "miner_cost": 2.304, "miner_revenue": 19.01868327715379, "miner_name": "AntMiner C1", "miner_profit": 16.714683277153792}, {"date": "2014-07-09", "miner_cost": 2.304, "miner_revenue": 18.735988576760604, "miner_name": "AntMiner C1", "miner_profit": 16.431988576760606}, {"date": "2014-07-12", "miner_cost": 2.304, "miner_revenue": 18.939019090696355, "miner_name": "AntMiner C1", "miner_profit": 16.635019090696357}, {"date": "2014-07-15", "miner_cost": 2.304, "miner_revenue": 18.13535631784674, "miner_name": "AntMiner C1", "miner_profit": 15.831356317846739}, {"date": "2014-07-18", "miner_cost": 2.304, "miner_revenue": 18.322352789994945, "miner_name": "AntMiner C1", "miner_profit": 16.018352789994946}, {"date": "2014-07-21", "miner_cost": 2.304, "miner_revenue": 18.00902673293665, "miner_name": "AntMiner C1", "miner_profit": 15.70502673293665}, {"date": "2014-07-24", "miner_cost": 2.304, "miner_revenue": 17.486621267091213, "miner_name": "AntMiner C1", "miner_profit": 15.182621267091212}, {"date": "2014-07-27", "miner_cost": 2.304, "miner_revenue": 15.93546713226429, "miner_name": "AntMiner C1", "miner_profit": 13.631467132264289}, {"date": "2014-07-30", "miner_cost": 2.304, "miner_revenue": 15.428247387181973, "miner_name": "AntMiner C1", "miner_profit": 13.124247387181972}, {"date": "2014-08-02", "miner_cost": 2.304, "miner_revenue": 15.912988237580738, "miner_name": "AntMiner C1", "miner_profit": 13.608988237580737}, {"date": "2014-08-05", "miner_cost": 2.304, "miner_revenue": 15.630338195675119, "miner_name": "AntMiner C1", "miner_profit": 13.326338195675119}, {"date": "2014-08-08", "miner_cost": 2.304, "miner_revenue": 15.062474066860801, "miner_name": "AntMiner C1", "miner_profit": 12.758474066860801}, {"date": "2014-08-11", "miner_cost": 2.304, "miner_revenue": 14.793786086855224, "miner_name": "AntMiner C1", "miner_profit": 12.489786086855224}, {"date": "2014-08-14", "miner_cost": 2.304, "miner_revenue": 13.334804428462473, "miner_name": "AntMiner C1", "miner_profit": 11.030804428462472}, {"date": "2014-08-17", "miner_cost": 2.304, "miner_revenue": 12.650622185285377, "miner_name": "AntMiner C1", "miner_profit": 10.346622185285376}, {"date": "2014-08-20", "miner_cost": 2.304, "miner_revenue": 10.73210247171147, "miner_name": "AntMiner C1", "miner_profit": 8.428102471711469}, {"date": "2014-08-23", "miner_cost": 2.304, "miner_revenue": 10.651833958841785, "miner_name": "AntMiner C1", "miner_profit": 8.347833958841784}, {"date": "2014-08-26", "miner_cost": 2.304, "miner_revenue": 10.849267925742543, "miner_name": "AntMiner C1", "miner_profit": 8.545267925742543}, {"date": "2014-08-29", "miner_cost": 2.304, "miner_revenue": 10.824535904988702, "miner_name": "AntMiner C1", "miner_profit": 8.520535904988702}, {"date": "2014-09-01", "miner_cost": 2.304, "miner_revenue": 8.872063778342133, "miner_name": "AntMiner C1", "miner_profit": 6.5680637783421325}, {"date": "2014-09-04", "miner_cost": 4.2624657534246575, "miner_revenue": 22.961586740522833, "miner_name": "Antminer S4+", "miner_profit": 18.699120987098176}, {"date": "2014-09-07", "miner_cost": 4.2624657534246575, "miner_revenue": 22.75268515397575, "miner_name": "Antminer S4+", "miner_profit": 18.490219400551094}, {"date": "2014-09-10", "miner_cost": 4.2624657534246575, "miner_revenue": 22.93758539802798, "miner_name": "Antminer S4+", "miner_profit": 18.675119644603324}, {"date": "2014-09-13", "miner_cost": 4.2624657534246575, "miner_revenue": 22.65790994199206, "miner_name": "Antminer S4+", "miner_profit": 18.395444188567403}, {"date": "2014-09-16", "miner_cost": 4.2624657534246575, "miner_revenue": 20.34511746692866, "miner_name": "Antminer S4+", "miner_profit": 16.082651713504003}, {"date": "2014-09-19", "miner_cost": 4.2624657534246575, "miner_revenue": 17.330406934371847, "miner_name": "Antminer S4+", "miner_profit": 13.06794118094719}, {"date": "2014-09-22", "miner_cost": 4.2624657534246575, "miner_revenue": 17.418286612460115, "miner_name": "Antminer S4+", "miner_profit": 13.155820859035458}, {"date": "2014-09-25", "miner_cost": 4.2624657534246575, "miner_revenue": 17.73806450570631, "miner_name": "Antminer S4+", "miner_profit": 13.475598752281652}, {"date": "2014-09-28", "miner_cost": 4.2624657534246575, "miner_revenue": 14.21466924289777, "miner_name": "Antminer S4+", "miner_profit": 9.952203489473114}, {"date": "2014-10-01", "miner_cost": 4.2624657534246575, "miner_revenue": 14.413885614497916, "miner_name": "Antminer S4+", "miner_profit": 10.151419861073258}, {"date": "2014-10-04", "miner_cost": 4.2624657534246575, "miner_revenue": 12.574660075737128, "miner_name": "Antminer S4+", "miner_profit": 8.312194322312472}, {"date": "2014-10-07", "miner_cost": 4.2624657534246575, "miner_revenue": 12.373934063558615, "miner_name": "Antminer S4+", "miner_profit": 8.111468310133958}, {"date": "2014-10-10", "miner_cost": 4.2624657534246575, "miner_revenue": 13.298551628090715, "miner_name": "Antminer S4+", "miner_profit": 9.036085874666057}, {"date": "2014-10-13", "miner_cost": 4.2624657534246575, "miner_revenue": 14.129849500222749, "miner_name": "Antminer S4+", "miner_profit": 9.86738374679809}, {"date": "2014-10-16", "miner_cost": 4.2624657534246575, "miner_revenue": 14.003302585969033, "miner_name": "Antminer S4+", "miner_profit": 9.740836832544375}, {"date": "2014-10-19", "miner_cost": 4.2624657534246575, "miner_revenue": 14.406586100469404, "miner_name": "Antminer S4+", "miner_profit": 10.144120347044748}, {"date": "2014-10-22", "miner_cost": 4.2624657534246575, "miner_revenue": 14.259984551947213, "miner_name": "Antminer S4+", "miner_profit": 9.997518798522556}, {"date": "2014-10-25", "miner_cost": 4.2624657534246575, "miner_revenue": 12.567290465383737, "miner_name": "Antminer S4+", "miner_profit": 8.304824711959078}, {"date": "2014-10-28", "miner_cost": 4.2624657534246575, "miner_revenue": 12.792507334116332, "miner_name": "Antminer S4+", "miner_profit": 8.530041580691673}, {"date": "2014-10-31", "miner_cost": 4.2624657534246575, "miner_revenue": 12.279708448613333, "miner_name": "Antminer S4+", "miner_profit": 8.017242695188674}, {"date": "2014-11-03", "miner_cost": 4.2624657534246575, "miner_revenue": 11.738295080336906, "miner_name": "Antminer S4+", "miner_profit": 7.475829326912248}, {"date": "2014-11-06", "miner_cost": 4.2624657534246575, "miner_revenue": 11.39660844090514, "miner_name": "Antminer S4+", "miner_profit": 7.134142687480483}, {"date": "2014-11-09", "miner_cost": 4.2624657534246575, "miner_revenue": 11.679568952624315, "miner_name": "Antminer S4+", "miner_profit": 7.417103199199658}, {"date": "2014-11-12", "miner_cost": 4.2624657534246575, "miner_revenue": 14.089656154874115, "miner_name": "Antminer S4+", "miner_profit": 9.827190401449457}, {"date": "2014-11-15", "miner_cost": 4.2624657534246575, "miner_revenue": 12.213369438888787, "miner_name": "Antminer S4+", "miner_profit": 7.950903685464129}, {"date": "2014-11-18", "miner_cost": 4.2624657534246575, "miner_revenue": 12.441573142513368, "miner_name": "Antminer S4+", "miner_profit": 8.17910738908871}, {"date": "2014-11-21", "miner_cost": 4.2624657534246575, "miner_revenue": 11.494381704892152, "miner_name": "Antminer S4+", "miner_profit": 7.231915951467495}, {"date": "2014-11-24", "miner_cost": 4.2624657534246575, "miner_revenue": 12.353661535979219, "miner_name": "Antminer S4+", "miner_profit": 8.09119578255456}, {"date": "2014-11-27", "miner_cost": 4.2624657534246575, "miner_revenue": 11.990686725411452, "miner_name": "Antminer S4+", "miner_profit": 7.7282209719867945}, {"date": "2014-11-30", "miner_cost": 4.2624657534246575, "miner_revenue": 12.091675679962895, "miner_name": "Antminer S4+", "miner_profit": 7.829209926538238}, {"date": "2014-12-03", "miner_cost": 1.6992000000000003, "miner_revenue": 28.47181624034706, "miner_name": "AntMiner S5 Batch 6", "miner_profit": 26.77261624034706}, {"date": "2014-12-06", "miner_cost": 1.6992000000000003, "miner_revenue": 28.3258955441398, "miner_name": "AntMiner S5 Batch 6", "miner_profit": 26.6266955441398}, {"date": "2014-12-09", "miner_cost": 1.6992000000000003, "miner_revenue": 26.55290406938296, "miner_name": "AntMiner S5 Batch 6", "miner_profit": 24.85370406938296}, {"date": "2014-12-12", "miner_cost": 1.6992000000000003, "miner_revenue": 26.891062271553892, "miner_name": "AntMiner S5 Batch 6", "miner_profit": 25.19186227155389}, {"date": "2014-12-15", "miner_cost": 1.6992000000000003, "miner_revenue": 26.6840958467211, "miner_name": "AntMiner S5 Batch 6", "miner_profit": 24.9848958467211}, {"date": "2014-12-18", "miner_cost": 1.6992000000000003, "miner_revenue": 24.425057789305228, "miner_name": "AntMiner S5 Batch 6", "miner_profit": 22.725857789305227}, {"date": "2014-12-21", "miner_cost": 1.6992000000000003, "miner_revenue": 25.10258262208804, "miner_name": "AntMiner S5 Batch 6", "miner_profit": 23.40338262208804}, {"date": "2014-12-24", "miner_cost": 1.6992000000000003, "miner_revenue": 25.156878499659342, "miner_name": "AntMiner S5 Batch 6", "miner_profit": 23.45767849965934}, {"date": "2014-12-27", "miner_cost": 1.6992000000000003, "miner_revenue": 24.18562868526766, "miner_name": "AntMiner S5 Batch 6", "miner_profit": 22.486428685267658}, {"date": "2014-12-30", "miner_cost": 1.6992000000000003, "miner_revenue": 24.052544004967903, "miner_name": "AntMiner S5 Batch 6", "miner_profit": 22.3533440049679}, {"date": "2015-01-02", "miner_cost": 1.6992000000000003, "miner_revenue": 23.555530003328048, "miner_name": "AntMiner S5 Batch 6", "miner_profit": 21.856330003328047}, {"date": "2015-01-05", "miner_cost": 1.6992000000000003, "miner_revenue": 20.650601711642956, "miner_name": "AntMiner S5 Batch 6", "miner_profit": 18.951401711642955}, {"date": "2015-01-08", "miner_cost": 1.6992000000000003, "miner_revenue": 20.6575679698632, "miner_name": "AntMiner S5 Batch 6", "miner_profit": 18.9583679698632}, {"date": "2015-01-11", "miner_cost": 1.6992000000000003, "miner_revenue": 20.31114998553033, "miner_name": "AntMiner S5 Batch 6", "miner_profit": 18.61194998553033}, {"date": "2015-01-14", "miner_cost": 1.6992000000000003, "miner_revenue": 12.172318286921815, "miner_name": "AntMiner S5 Batch 6", "miner_profit": 10.473118286921814}, {"date": "2015-01-17", "miner_cost": 1.6992000000000003, "miner_revenue": 13.588013917281932, "miner_name": "AntMiner S5 Batch 6", "miner_profit": 11.888813917281933}, {"date": "2015-01-20", "miner_cost": 1.6992000000000003, "miner_revenue": 14.698991644492397, "miner_name": "AntMiner S5 Batch 6", "miner_profit": 12.999791644492397}, {"date": "2015-01-23", "miner_cost": 1.6992000000000003, "miner_revenue": 16.074430609783306, "miner_name": "AntMiner S5 Batch 6", "miner_profit": 14.375230609783305}, {"date": "2015-01-26", "miner_cost": 1.6992000000000003, "miner_revenue": 18.74179804317004, "miner_name": "AntMiner S5 Batch 6", "miner_profit": 17.042598043170038}, {"date": "2015-01-29", "miner_cost": 1.6992000000000003, "miner_revenue": 17.109882764762318, "miner_name": "AntMiner S5 Batch 6", "miner_profit": 15.410682764762317}, {"date": "2015-02-01", "miner_cost": 1.6992000000000003, "miner_revenue": 16.194919695691663, "miner_name": "AntMiner S5 Batch 6", "miner_profit": 14.495719695691662}, {"date": "2015-02-04", "miner_cost": 1.6992000000000003, "miner_revenue": 16.3363295051335, "miner_name": "AntMiner S5 Batch 6", "miner_profit": 14.637129505133498}, {"date": "2015-02-07", "miner_cost": 1.6992000000000003, "miner_revenue": 16.52403262671165, "miner_name": "AntMiner S5 Batch 6", "miner_profit": 14.82483262671165}, {"date": "2015-02-10", "miner_cost": 1.6992000000000003, "miner_revenue": 15.014514826283145, "miner_name": "AntMiner S5 Batch 6", "miner_profit": 13.315314826283146}, {"date": "2015-02-13", "miner_cost": 1.6992000000000003, "miner_revenue": 16.372480395081748, "miner_name": "AntMiner S5 Batch 6", "miner_profit": 14.673280395081747}, {"date": "2015-02-16", "miner_cost": 1.6992000000000003, "miner_revenue": 16.08625429238232, "miner_name": "AntMiner S5 Batch 6", "miner_profit": 14.38705429238232}, {"date": "2015-02-19", "miner_cost": 1.6992000000000003, "miner_revenue": 16.466767217601042, "miner_name": "AntMiner S5 Batch 6", "miner_profit": 14.76756721760104}, {"date": "2015-02-22", "miner_cost": 1.6992000000000003, "miner_revenue": 16.08588248557157, "miner_name": "AntMiner S5 Batch 6", "miner_profit": 14.38668248557157}, {"date": "2015-02-25", "miner_cost": 1.6992000000000003, "miner_revenue": 15.496265660567708, "miner_name": "AntMiner S5 Batch 6", "miner_profit": 13.797065660567707}, {"date": "2015-02-28", "miner_cost": 1.6992000000000003, "miner_revenue": 16.43098008636491, "miner_name": "AntMiner S5 Batch 6", "miner_profit": 14.73178008636491}, {"date": "2015-03-03", "miner_cost": 1.6992000000000003, "miner_revenue": 17.913922340738868, "miner_name": "AntMiner S5 Batch 6", "miner_profit": 16.214722340738867}, {"date": "2015-03-06", "miner_cost": 1.6992000000000003, "miner_revenue": 17.682074811666002, "miner_name": "AntMiner S5 Batch 6", "miner_profit": 15.982874811666}, {"date": "2015-03-09", "miner_cost": 1.6992000000000003, "miner_revenue": 18.386314405272334, "miner_name": "AntMiner S5 Batch 6", "miner_profit": 16.687114405272332}, {"date": "2015-03-12", "miner_cost": 1.6992000000000003, "miner_revenue": 19.019522620475048, "miner_name": "AntMiner S5 Batch 6", "miner_profit": 17.320322620475046}, {"date": "2015-03-15", "miner_cost": 1.6992000000000003, "miner_revenue": 18.113682560678885, "miner_name": "AntMiner S5 Batch 6", "miner_profit": 16.414482560678884}, {"date": "2015-03-18", "miner_cost": 1.6992000000000003, "miner_revenue": 17.00314612736421, "miner_name": "AntMiner S5 Batch 6", "miner_profit": 15.30394612736421}, {"date": "2015-03-21", "miner_cost": 1.6992000000000003, "miner_revenue": 16.484635272195284, "miner_name": "AntMiner S5 Batch 6", "miner_profit": 14.785435272195283}, {"date": "2015-03-24", "miner_cost": 1.6992000000000003, "miner_revenue": 16.07707061898603, "miner_name": "AntMiner S5 Batch 6", "miner_profit": 14.37787061898603}, {"date": "2015-03-27", "miner_cost": 1.6992000000000003, "miner_revenue": 16.131139110061937, "miner_name": "AntMiner S5 Batch 6", "miner_profit": 14.431939110061936}, {"date": "2015-03-30", "miner_cost": 1.6992000000000003, "miner_revenue": 15.914520024653594, "miner_name": "AntMiner S5 Batch 6", "miner_profit": 14.215320024653593}, {"date": "2015-04-02", "miner_cost": 1.6992000000000003, "miner_revenue": 16.392456326463456, "miner_name": "AntMiner S5 Batch 6", "miner_profit": 14.693256326463455}, {"date": "2015-04-05", "miner_cost": 1.6992000000000003, "miner_revenue": 15.759269674910794, "miner_name": "AntMiner S5 Batch 6", "miner_profit": 14.060069674910793}, {"date": "2015-04-08", "miner_cost": 1.6992000000000003, "miner_revenue": 15.096271817885075, "miner_name": "AntMiner S5 Batch 6", "miner_profit": 13.397071817885074}, {"date": "2015-04-11", "miner_cost": 1.6992000000000003, "miner_revenue": 14.530921943346245, "miner_name": "AntMiner S5 Batch 6", "miner_profit": 12.831721943346245}, {"date": "2015-04-14", "miner_cost": 1.6992000000000003, "miner_revenue": 13.248111882770361, "miner_name": "AntMiner S5 Batch 6", "miner_profit": 11.548911882770362}, {"date": "2015-04-17", "miner_cost": 1.6992000000000003, "miner_revenue": 13.658956155571842, "miner_name": "AntMiner S5 Batch 6", "miner_profit": 11.959756155571842}, {"date": "2015-04-20", "miner_cost": 1.6992000000000003, "miner_revenue": 13.771437894523885, "miner_name": "AntMiner S5 Batch 6", "miner_profit": 12.072237894523884}, {"date": "2015-04-23", "miner_cost": 1.6992000000000003, "miner_revenue": 14.999911692684107, "miner_name": "AntMiner S5 Batch 6", "miner_profit": 13.300711692684107}, {"date": "2015-04-26", "miner_cost": 1.6992000000000003, "miner_revenue": 13.90533030884135, "miner_name": "AntMiner S5 Batch 6", "miner_profit": 12.206130308841349}, {"date": "2015-04-29", "miner_cost": 1.6992000000000003, "miner_revenue": 14.393668457228252, "miner_name": "AntMiner S5 Batch 6", "miner_profit": 12.69446845722825}, {"date": "2015-05-02", "miner_cost": 1.6992000000000003, "miner_revenue": 14.910227288818144, "miner_name": "AntMiner S5 Batch 6", "miner_profit": 13.211027288818144}, {"date": "2015-05-05", "miner_cost": 1.6992000000000003, "miner_revenue": 14.93883311398202, "miner_name": "AntMiner S5 Batch 6", "miner_profit": 13.23963311398202}, {"date": "2015-05-08", "miner_cost": 1.6992000000000003, "miner_revenue": 15.577689645968041, "miner_name": "AntMiner S5 Batch 6", "miner_profit": 13.878489645968042}, {"date": "2015-05-11", "miner_cost": 1.6992000000000003, "miner_revenue": 15.547687219266477, "miner_name": "AntMiner S5 Batch 6", "miner_profit": 13.848487219266477}, {"date": "2015-05-14", "miner_cost": 1.6992000000000003, "miner_revenue": 15.169479945908362, "miner_name": "AntMiner S5 Batch 6", "miner_profit": 13.470279945908363}, {"date": "2015-05-17", "miner_cost": 1.6992000000000003, "miner_revenue": 14.631978085592545, "miner_name": "AntMiner S5 Batch 6", "miner_profit": 12.932778085592545}, {"date": "2015-05-20", "miner_cost": 1.6992000000000003, "miner_revenue": 14.579813115744809, "miner_name": "AntMiner S5 Batch 6", "miner_profit": 12.880613115744808}, {"date": "2015-05-23", "miner_cost": 1.6992000000000003, "miner_revenue": 14.840563949659932, "miner_name": "AntMiner S5 Batch 6", "miner_profit": 13.141363949659933}, {"date": "2015-05-26", "miner_cost": 1.6992000000000003, "miner_revenue": 14.67494255269123, "miner_name": "AntMiner S5 Batch 6", "miner_profit": 12.97574255269123}, {"date": "2015-05-29", "miner_cost": 1.6992000000000003, "miner_revenue": 14.660285709813806, "miner_name": "AntMiner S5 Batch 6", "miner_profit": 12.961085709813805}, {"date": "2015-06-01", "miner_cost": 1.6992000000000003, "miner_revenue": 13.944291411076277, "miner_name": "AntMiner S5 Batch 6", "miner_profit": 12.245091411076277}, {"date": "2015-06-04", "miner_cost": 1.6992000000000003, "miner_revenue": 14.38353307658655, "miner_name": "AntMiner S5 Batch 6", "miner_profit": 12.684333076586551}, {"date": "2015-06-07", "miner_cost": 1.6992000000000003, "miner_revenue": 14.172373759503834, "miner_name": "AntMiner S5 Batch 6", "miner_profit": 12.473173759503833}, {"date": "2015-06-10", "miner_cost": 1.6992000000000003, "miner_revenue": 14.545027601844508, "miner_name": "AntMiner S5 Batch 6", "miner_profit": 12.845827601844508}, {"date": "2015-06-13", "miner_cost": 1.6992000000000003, "miner_revenue": 14.674908378326, "miner_name": "AntMiner S5 Batch 6", "miner_profit": 12.975708378326}, {"date": "2015-06-16", "miner_cost": 1.6992000000000003, "miner_revenue": 15.005505009400418, "miner_name": "AntMiner S5 Batch 6", "miner_profit": 13.306305009400418}, {"date": "2015-06-19", "miner_cost": 1.6992000000000003, "miner_revenue": 15.08815186739741, "miner_name": "AntMiner S5 Batch 6", "miner_profit": 13.38895186739741}, {"date": "2015-06-22", "miner_cost": 1.6992000000000003, "miner_revenue": 15.067223948264461, "miner_name": "AntMiner S5 Batch 6", "miner_profit": 13.368023948264462}, {"date": "2015-06-25", "miner_cost": 1.6992000000000003, "miner_revenue": 14.763687745666106, "miner_name": "AntMiner S5 Batch 6", "miner_profit": 13.064487745666106}, {"date": "2015-06-28", "miner_cost": 1.6992000000000003, "miner_revenue": 15.182347778073805, "miner_name": "AntMiner S5 Batch 6", "miner_profit": 13.483147778073803}, {"date": "2015-07-01", "miner_cost": 1.6992000000000003, "miner_revenue": 15.865308072877463, "miner_name": "AntMiner S5 Batch 6", "miner_profit": 14.166108072877464}, {"date": "2015-07-04", "miner_cost": 1.6992000000000003, "miner_revenue": 15.846881692192104, "miner_name": "AntMiner S5 Batch 6", "miner_profit": 14.147681692192105}, {"date": "2015-07-07", "miner_cost": 1.6992000000000003, "miner_revenue": 16.53494045304338, "miner_name": "AntMiner S5 Batch 6", "miner_profit": 14.835740453043378}, {"date": "2015-07-10", "miner_cost": 1.6992000000000003, "miner_revenue": 17.717289891913257, "miner_name": "AntMiner S5 Batch 6", "miner_profit": 16.018089891913256}, {"date": "2015-07-13", "miner_cost": 1.6992000000000003, "miner_revenue": 17.3046109115807, "miner_name": "AntMiner S5 Batch 6", "miner_profit": 15.605410911580698}, {"date": "2015-07-16", "miner_cost": 1.6992000000000003, "miner_revenue": 16.437118367689823, "miner_name": "AntMiner S5 Batch 6", "miner_profit": 14.737918367689822}, {"date": "2015-07-19", "miner_cost": 1.6992000000000003, "miner_revenue": 16.409338451028376, "miner_name": "AntMiner S5 Batch 6", "miner_profit": 14.710138451028374}, {"date": "2015-07-22", "miner_cost": 1.6992000000000003, "miner_revenue": 16.54239715845325, "miner_name": "AntMiner S5 Batch 6", "miner_profit": 14.84319715845325}, {"date": "2015-07-25", "miner_cost": 1.6992000000000003, "miner_revenue": 16.680113697630834, "miner_name": "AntMiner S5 Batch 6", "miner_profit": 14.980913697630832}, {"date": "2015-07-28", "miner_cost": 1.6992000000000003, "miner_revenue": 17.187927163654965, "miner_name": "AntMiner S5 Batch 6", "miner_profit": 15.488727163654964}, {"date": "2015-07-31", "miner_cost": 1.6992000000000003, "miner_revenue": 16.62429462560963, "miner_name": "AntMiner S5 Batch 6", "miner_profit": 14.925094625609628}, {"date": "2015-08-03", "miner_cost": 1.6992000000000003, "miner_revenue": 16.538610909078212, "miner_name": "AntMiner S5 Batch 6", "miner_profit": 14.839410909078211}, {"date": "2015-08-06", "miner_cost": 1.6992000000000003, "miner_revenue": 16.1702085251004, "miner_name": "AntMiner S5 Batch 6", "miner_profit": 14.471008525100398}, {"date": "2015-08-09", "miner_cost": 1.6992000000000003, "miner_revenue": 15.2937373880962, "miner_name": "AntMiner S5 Batch 6", "miner_profit": 13.5945373880962}, {"date": "2015-08-12", "miner_cost": 1.6992000000000003, "miner_revenue": 15.479002743053991, "miner_name": "AntMiner S5 Batch 6", "miner_profit": 13.779802743053992}, {"date": "2015-08-15", "miner_cost": 1.6992000000000003, "miner_revenue": 15.311930251440824, "miner_name": "AntMiner S5 Batch 6", "miner_profit": 13.612730251440823}, {"date": "2015-08-18", "miner_cost": 1.6992000000000003, "miner_revenue": 14.653270280437471, "miner_name": "AntMiner S5 Batch 6", "miner_profit": 12.95407028043747}, {"date": "2015-08-21", "miner_cost": 1.6992000000000003, "miner_revenue": 13.468242127593447, "miner_name": "AntMiner S5 Batch 6", "miner_profit": 11.769042127593448}, {"date": "2015-08-24", "miner_cost": 1.6992000000000003, "miner_revenue": 11.943800657438299, "miner_name": "AntMiner S5 Batch 6", "miner_profit": 10.244600657438298}, {"date": "2015-08-27", "miner_cost": 1.6992000000000003, "miner_revenue": 12.786407577684281, "miner_name": "AntMiner S5 Batch 6", "miner_profit": 11.087207577684282}, {"date": "2015-08-30", "miner_cost": 1.6992000000000003, "miner_revenue": 12.667271762420977, "miner_name": "AntMiner S5 Batch 6", "miner_profit": 10.968071762420976}, {"date": "2015-09-02", "miner_cost": 1.6992000000000003, "miner_revenue": 12.98887568650732, "miner_name": "AntMiner S5 Batch 6", "miner_profit": 11.28967568650732}, {"date": "2015-09-05", "miner_cost": 1.6992000000000003, "miner_revenue": 12.550200415518864, "miner_name": "AntMiner S5 Batch 6", "miner_profit": 10.851000415518865}, {"date": "2015-09-08", "miner_cost": 1.6992000000000003, "miner_revenue": 12.994564318126757, "miner_name": "AntMiner S5 Batch 6", "miner_profit": 11.295364318126758}, {"date": "2015-09-11", "miner_cost": 1.6992000000000003, "miner_revenue": 12.806022966332987, "miner_name": "AntMiner S5 Batch 6", "miner_profit": 11.106822966332988}, {"date": "2015-09-14", "miner_cost": 1.6992000000000003, "miner_revenue": 12.33612803352981, "miner_name": "AntMiner S5 Batch 6", "miner_profit": 10.63692803352981}, {"date": "2015-09-17", "miner_cost": 1.6992000000000003, "miner_revenue": 12.500706981574988, "miner_name": "AntMiner S5 Batch 6", "miner_profit": 10.801506981574988}, {"date": "2015-09-20", "miner_cost": 1.6992000000000003, "miner_revenue": 11.796596040203488, "miner_name": "AntMiner S5 Batch 6", "miner_profit": 10.097396040203488}, {"date": "2015-09-23", "miner_cost": 1.6992000000000003, "miner_revenue": 11.790027858209076, "miner_name": "AntMiner S5 Batch 6", "miner_profit": 10.090827858209074}, {"date": "2015-09-26", "miner_cost": 1.6992000000000003, "miner_revenue": 11.977984361370973, "miner_name": "AntMiner S5 Batch 6", "miner_profit": 10.278784361370974}, {"date": "2015-09-29", "miner_cost": 1.6992000000000003, "miner_revenue": 12.169184741383722, "miner_name": "AntMiner S5 Batch 6", "miner_profit": 10.469984741383723}, {"date": "2015-10-02", "miner_cost": 1.6992000000000003, "miner_revenue": 11.900882055426633, "miner_name": "AntMiner S5 Batch 6", "miner_profit": 10.201682055426634}, {"date": "2015-10-05", "miner_cost": 1.6992000000000003, "miner_revenue": 11.952350498915298, "miner_name": "AntMiner S5 Batch 6", "miner_profit": 10.253150498915296}, {"date": "2015-10-08", "miner_cost": 1.6992000000000003, "miner_revenue": 12.20661309086009, "miner_name": "AntMiner S5 Batch 6", "miner_profit": 10.50741309086009}, {"date": "2015-10-11", "miner_cost": 1.6992000000000003, "miner_revenue": 12.384195873851596, "miner_name": "AntMiner S5 Batch 6", "miner_profit": 10.684995873851594}, {"date": "2015-10-14", "miner_cost": 1.6992000000000003, "miner_revenue": 12.732126878877374, "miner_name": "AntMiner S5 Batch 6", "miner_profit": 11.032926878877372}, {"date": "2015-10-17", "miner_cost": 1.6992000000000003, "miner_revenue": 13.462937618355793, "miner_name": "AntMiner S5 Batch 6", "miner_profit": 11.763737618355794}, {"date": "2015-10-20", "miner_cost": 1.6992000000000003, "miner_revenue": 13.507283290164066, "miner_name": "AntMiner S5 Batch 6", "miner_profit": 11.808083290164067}, {"date": "2015-10-23", "miner_cost": 1.6992000000000003, "miner_revenue": 13.86365628139751, "miner_name": "AntMiner S5 Batch 6", "miner_profit": 12.16445628139751}, {"date": "2015-10-26", "miner_cost": 1.6992000000000003, "miner_revenue": 14.229635958999022, "miner_name": "AntMiner S5 Batch 6", "miner_profit": 12.530435958999021}, {"date": "2015-10-29", "miner_cost": 1.6992000000000003, "miner_revenue": 15.192669415109394, "miner_name": "AntMiner S5 Batch 6", "miner_profit": 13.493469415109395}, {"date": "2015-11-01", "miner_cost": 1.6992000000000003, "miner_revenue": 15.216335704725676, "miner_name": "AntMiner S5 Batch 6", "miner_profit": 13.517135704725675}, {"date": "2015-11-04", "miner_cost": 1.6992000000000003, "miner_revenue": 21.456967277214932, "miner_name": "AntMiner S5 Batch 6", "miner_profit": 19.75776727721493}, {"date": "2015-11-07", "miner_cost": 1.6992000000000003, "miner_revenue": 18.919833781681866, "miner_name": "AntMiner S5 Batch 6", "miner_profit": 17.220633781681865}, {"date": "2015-11-10", "miner_cost": 1.6992000000000003, "miner_revenue": 17.28492234216791, "miner_name": "AntMiner S5 Batch 6", "miner_profit": 15.585722342167909}, {"date": "2015-11-13", "miner_cost": 1.6992000000000003, "miner_revenue": 15.333128520945488, "miner_name": "AntMiner S5 Batch 6", "miner_profit": 13.633928520945489}, {"date": "2015-11-16", "miner_cost": 1.6992000000000003, "miner_revenue": 15.191954512097084, "miner_name": "AntMiner S5 Batch 6", "miner_profit": 13.492754512097083}, {"date": "2015-11-19", "miner_cost": 1.6992000000000003, "miner_revenue": 15.199241691228028, "miner_name": "AntMiner S5 Batch 6", "miner_profit": 13.500041691228027}, {"date": "2015-11-22", "miner_cost": 1.6992000000000003, "miner_revenue": 14.860265561460478, "miner_name": "AntMiner S5 Batch 6", "miner_profit": 13.161065561460479}, {"date": "2015-11-25", "miner_cost": 1.6992000000000003, "miner_revenue": 13.586358804947334, "miner_name": "AntMiner S5 Batch 6", "miner_profit": 11.887158804947333}, {"date": "2015-11-28", "miner_cost": 1.6992000000000003, "miner_revenue": 14.810974032584879, "miner_name": "AntMiner S5 Batch 6", "miner_profit": 13.11177403258488}, {"date": "2015-12-01", "miner_cost": 1.6992000000000003, "miner_revenue": 15.023662566284356, "miner_name": "AntMiner S5 Batch 6", "miner_profit": 13.324462566284357}, {"date": "2015-12-04", "miner_cost": 1.6992000000000003, "miner_revenue": 15.099839147991947, "miner_name": "AntMiner S5 Batch 6", "miner_profit": 13.400639147991946}, {"date": "2015-12-07", "miner_cost": 1.6992000000000003, "miner_revenue": 15.233156687236587, "miner_name": "AntMiner S5 Batch 6", "miner_profit": 13.533956687236586}, {"date": "2015-12-10", "miner_cost": 1.6992000000000003, "miner_revenue": 15.984463909331968, "miner_name": "AntMiner S5 Batch 6", "miner_profit": 14.285263909331967}, {"date": "2015-12-13", "miner_cost": 1.6992000000000003, "miner_revenue": 16.903509514735745, "miner_name": "AntMiner S5 Batch 6", "miner_profit": 15.204309514735744}, {"date": "2015-12-16", "miner_cost": 1.6992000000000003, "miner_revenue": 17.513412737821643, "miner_name": "AntMiner S5 Batch 6", "miner_profit": 15.814212737821641}, {"date": "2015-12-19", "miner_cost": 1.6992000000000003, "miner_revenue": 15.040517192505657, "miner_name": "AntMiner S5 Batch 6", "miner_profit": 13.341317192505656}, {"date": "2015-12-22", "miner_cost": 1.6992000000000003, "miner_revenue": 14.243914477208428, "miner_name": "AntMiner S5 Batch 6", "miner_profit": 12.544714477208426}, {"date": "2015-12-25", "miner_cost": 1.6992000000000003, "miner_revenue": 14.837826515189795, "miner_name": "AntMiner S5 Batch 6", "miner_profit": 13.138626515189795}, {"date": "2015-12-28", "miner_cost": 1.6992000000000003, "miner_revenue": 13.806272269388396, "miner_name": "AntMiner S5 Batch 6", "miner_profit": 12.107072269388397}, {"date": "2015-12-31", "miner_cost": 1.6992000000000003, "miner_revenue": 12.577440130239044, "miner_name": "AntMiner S5 Batch 6", "miner_profit": 10.878240130239043}, {"date": "2016-01-03", "miner_cost": 1.6992000000000003, "miner_revenue": 12.525492693003121, "miner_name": "AntMiner S5 Batch 6", "miner_profit": 10.826292693003122}, {"date": "2016-01-06", "miner_cost": 1.6992000000000003, "miner_revenue": 12.635322787467588, "miner_name": "AntMiner S5 Batch 6", "miner_profit": 10.936122787467589}, {"date": "2016-01-09", "miner_cost": 1.6992000000000003, "miner_revenue": 13.18439003295833, "miner_name": "AntMiner S5 Batch 6", "miner_profit": 11.485190032958329}, {"date": "2016-01-12", "miner_cost": 1.6992000000000003, "miner_revenue": 13.087778184371473, "miner_name": "AntMiner S5 Batch 6", "miner_profit": 11.388578184371472}, {"date": "2016-01-15", "miner_cost": 1.6992000000000003, "miner_revenue": 10.554103556666691, "miner_name": "AntMiner S5 Batch 6", "miner_profit": 8.854903556666692}, {"date": "2016-01-18", "miner_cost": 1.6992000000000003, "miner_revenue": 10.355559169727659, "miner_name": "AntMiner S5 Batch 6", "miner_profit": 8.656359169727658}, {"date": "2016-01-21", "miner_cost": 1.6992000000000003, "miner_revenue": 11.014591960517645, "miner_name": "AntMiner S5 Batch 6", "miner_profit": 9.315391960517644}, {"date": "2016-01-24", "miner_cost": 1.6992000000000003, "miner_revenue": 10.881354036377221, "miner_name": "AntMiner S5 Batch 6", "miner_profit": 9.18215403637722}, {"date": "2016-01-27", "miner_cost": 1.6992000000000003, "miner_revenue": 10.047059201628217, "miner_name": "AntMiner S5 Batch 6", "miner_profit": 8.347859201628218}, {"date": "2016-01-30", "miner_cost": 1.6992000000000003, "miner_revenue": 9.610470919562383, "miner_name": "AntMiner S5 Batch 6", "miner_profit": 7.911270919562383}, {"date": "2016-02-02", "miner_cost": 1.6992000000000003, "miner_revenue": 9.528857724925532, "miner_name": "AntMiner S5 Batch 6", "miner_profit": 7.829657724925531}, {"date": "2016-02-05", "miner_cost": 1.6992000000000003, "miner_revenue": 9.814192547430535, "miner_name": "AntMiner S5 Batch 6", "miner_profit": 8.114992547430536}, {"date": "2016-02-08", "miner_cost": 1.6992000000000003, "miner_revenue": 7.954577355837208, "miner_name": "AntMiner S5 Batch 6", "miner_profit": 6.255377355837208}, {"date": "2016-02-11", "miner_cost": 1.6992000000000003, "miner_revenue": 7.968596322716127, "miner_name": "AntMiner S5 Batch 6", "miner_profit": 6.269396322716127}, {"date": "2016-02-14", "miner_cost": 1.6992000000000003, "miner_revenue": 8.497106408133329, "miner_name": "AntMiner S5 Batch 6", "miner_profit": 6.797906408133328}, {"date": "2016-02-17", "miner_cost": 1.6992000000000003, "miner_revenue": 8.871747575870952, "miner_name": "AntMiner S5 Batch 6", "miner_profit": 7.172547575870952}, {"date": "2016-02-20", "miner_cost": 1.6992000000000003, "miner_revenue": 8.207765846625378, "miner_name": "AntMiner S5 Batch 6", "miner_profit": 6.508565846625378}, {"date": "2016-02-23", "miner_cost": 1.6992000000000003, "miner_revenue": 7.813629327887478, "miner_name": "AntMiner S5 Batch 6", "miner_profit": 6.1144293278874775}, {"date": "2016-02-26", "miner_cost": 1.6992000000000003, "miner_revenue": 7.929561557072217, "miner_name": "AntMiner S5 Batch 6", "miner_profit": 6.230361557072217}, {"date": "2016-02-29", "miner_cost": 1.6992000000000003, "miner_revenue": 8.184957187158759, "miner_name": "AntMiner S5 Batch 6", "miner_profit": 6.485757187158758}, {"date": "2016-03-03", "miner_cost": 1.6992000000000003, "miner_revenue": 7.9546903449131126, "miner_name": "AntMiner S5 Batch 6", "miner_profit": 6.255490344913112}, {"date": "2016-03-06", "miner_cost": 1.6992000000000003, "miner_revenue": 7.887114443111042, "miner_name": "AntMiner S5 Batch 6", "miner_profit": 6.187914443111041}, {"date": "2016-03-09", "miner_cost": 1.6992000000000003, "miner_revenue": 7.975266019775085, "miner_name": "AntMiner S5 Batch 6", "miner_profit": 6.276066019775085}, {"date": "2016-03-12", "miner_cost": 1.6992000000000003, "miner_revenue": 7.8945073872430696, "miner_name": "AntMiner S5 Batch 6", "miner_profit": 6.195307387243069}, {"date": "2016-03-15", "miner_cost": 1.6992000000000003, "miner_revenue": 7.995415392682115, "miner_name": "AntMiner S5 Batch 6", "miner_profit": 6.2962153926821145}, {"date": "2016-03-18", "miner_cost": 1.6992000000000003, "miner_revenue": 7.5531813309308244, "miner_name": "AntMiner S5 Batch 6", "miner_profit": 5.853981330930824}, {"date": "2016-03-21", "miner_cost": 1.6992000000000003, "miner_revenue": 7.582280826254552, "miner_name": "AntMiner S5 Batch 6", "miner_profit": 5.8830808262545515}, {"date": "2016-03-24", "miner_cost": 1.6992000000000003, "miner_revenue": 7.677557841325064, "miner_name": "AntMiner S5 Batch 6", "miner_profit": 5.978357841325064}, {"date": "2016-03-27", "miner_cost": 1.6992000000000003, "miner_revenue": 7.85678229531061, "miner_name": "AntMiner S5 Batch 6", "miner_profit": 6.157582295310609}, {"date": "2016-03-30", "miner_cost": 1.6992000000000003, "miner_revenue": 7.6261940643250545, "miner_name": "AntMiner S5 Batch 6", "miner_profit": 5.926994064325054}, {"date": "2016-04-02", "miner_cost": 1.6992000000000003, "miner_revenue": 7.6813152339656465, "miner_name": "AntMiner S5 Batch 6", "miner_profit": 5.982115233965646}, {"date": "2016-04-05", "miner_cost": 1.6992000000000003, "miner_revenue": 7.735713418480612, "miner_name": "AntMiner S5 Batch 6", "miner_profit": 6.036513418480611}, {"date": "2016-04-08", "miner_cost": 1.6992000000000003, "miner_revenue": 7.736294988014092, "miner_name": "AntMiner S5 Batch 6", "miner_profit": 6.037094988014092}, {"date": "2016-04-11", "miner_cost": 1.6992000000000003, "miner_revenue": 7.708525942702363, "miner_name": "AntMiner S5 Batch 6", "miner_profit": 6.009325942702363}, {"date": "2016-04-14", "miner_cost": 1.6992000000000003, "miner_revenue": 7.243418603735251, "miner_name": "AntMiner S5 Batch 6", "miner_profit": 5.544218603735251}, {"date": "2016-04-17", "miner_cost": 1.6992000000000003, "miner_revenue": 7.258585938908599, "miner_name": "AntMiner S5 Batch 6", "miner_profit": 5.559385938908599}, {"date": "2016-04-20", "miner_cost": 1.6992000000000003, "miner_revenue": 7.555962043759508, "miner_name": "AntMiner S5 Batch 6", "miner_profit": 5.856762043759508}, {"date": "2016-04-23", "miner_cost": 1.6992000000000003, "miner_revenue": 7.699172346908473, "miner_name": "AntMiner S5 Batch 6", "miner_profit": 5.999972346908473}, {"date": "2016-04-26", "miner_cost": 1.6992000000000003, "miner_revenue": 8.618875831235751, "miner_name": "AntMiner S5 Batch 6", "miner_profit": 6.919675831235751}, {"date": "2016-04-29", "miner_cost": 1.6992000000000003, "miner_revenue": 7.8095328713482495, "miner_name": "AntMiner S5 Batch 6", "miner_profit": 6.110332871348249}, {"date": "2016-05-02", "miner_cost": 3.9599999999999995, "miner_revenue": 17.062887196896728, "miner_name": "S9 Antminer", "miner_profit": 13.102887196896729}, {"date": "2016-05-05", "miner_cost": 3.9599999999999995, "miner_revenue": 17.238438276246118, "miner_name": "S9 Antminer", "miner_profit": 13.278438276246119}, {"date": "2016-05-08", "miner_cost": 3.9599999999999995, "miner_revenue": 17.54383631769762, "miner_name": "S9 Antminer", "miner_profit": 13.583836317697623}, {"date": "2016-05-11", "miner_cost": 3.9599999999999995, "miner_revenue": 16.033798005954807, "miner_name": "S9 Antminer", "miner_profit": 12.073798005954808}, {"date": "2016-05-14", "miner_cost": 3.9599999999999995, "miner_revenue": 16.1376367880517, "miner_name": "S9 Antminer", "miner_profit": 12.177636788051702}, {"date": "2016-05-17", "miner_cost": 3.9599999999999995, "miner_revenue": 16.09124721514469, "miner_name": "S9 Antminer", "miner_profit": 12.131247215144692}, {"date": "2016-05-20", "miner_cost": 3.9599999999999995, "miner_revenue": 15.635569362580172, "miner_name": "S9 Antminer", "miner_profit": 11.675569362580173}, {"date": "2016-05-23", "miner_cost": 3.9599999999999995, "miner_revenue": 15.641516723686456, "miner_name": "S9 Antminer", "miner_profit": 11.681516723686457}, {"date": "2016-05-26", "miner_cost": 3.9599999999999995, "miner_revenue": 15.667619428654309, "miner_name": "S9 Antminer", "miner_profit": 11.70761942865431}, {"date": "2016-05-29", "miner_cost": 3.9599999999999995, "miner_revenue": 17.673953922282006, "miner_name": "S9 Antminer", "miner_profit": 13.713953922282007}, {"date": "2016-06-01", "miner_cost": 3.9599999999999995, "miner_revenue": 18.66488238800403, "miner_name": "S9 Antminer", "miner_profit": 14.704882388004032}, {"date": "2016-06-04", "miner_cost": 3.9599999999999995, "miner_revenue": 19.848913140270724, "miner_name": "S9 Antminer", "miner_profit": 15.888913140270725}, {"date": "2016-06-07", "miner_cost": 3.9599999999999995, "miner_revenue": 20.81768267194958, "miner_name": "S9 Antminer", "miner_profit": 16.85768267194958}, {"date": "2016-06-10", "miner_cost": 3.9599999999999995, "miner_revenue": 20.360283245372855, "miner_name": "S9 Antminer", "miner_profit": 16.400283245372854}, {"date": "2016-06-13", "miner_cost": 3.9599999999999995, "miner_revenue": 24.355711608973966, "miner_name": "S9 Antminer", "miner_profit": 20.395711608973965}, {"date": "2016-06-16", "miner_cost": 3.9599999999999995, "miner_revenue": 26.623215775859073, "miner_name": "S9 Antminer", "miner_profit": 22.663215775859072}, {"date": "2016-06-19", "miner_cost": 3.9599999999999995, "miner_revenue": 26.552293230831264, "miner_name": "S9 Antminer", "miner_profit": 22.592293230831263}, {"date": "2016-06-22", "miner_cost": 3.9599999999999995, "miner_revenue": 19.189848673879844, "miner_name": "S9 Antminer", "miner_profit": 15.229848673879845}, {"date": "2016-06-25", "miner_cost": 3.9599999999999995, "miner_revenue": 21.562528123995335, "miner_name": "S9 Antminer", "miner_profit": 17.602528123995334}, {"date": "2016-06-28", "miner_cost": 3.9599999999999995, "miner_revenue": 21.048698558884944, "miner_name": "S9 Antminer", "miner_profit": 17.088698558884943}, {"date": "2016-07-01", "miner_cost": 3.9599999999999995, "miner_revenue": 21.882900105465513, "miner_name": "S9 Antminer", "miner_profit": 17.922900105465512}, {"date": "2016-07-04", "miner_cost": 3.9599999999999995, "miner_revenue": 21.538292417435827, "miner_name": "S9 Antminer", "miner_profit": 17.578292417435826}, {"date": "2016-07-07", "miner_cost": 3.9599999999999995, "miner_revenue": 20.244323326473012, "miner_name": "S9 Antminer", "miner_profit": 16.28432332647301}, {"date": "2016-07-10", "miner_cost": 3.9599999999999995, "miner_revenue": 10.336776871436228, "miner_name": "S9 Antminer", "miner_profit": 6.376776871436229}, {"date": "2016-07-13", "miner_cost": 3.9599999999999995, "miner_revenue": 10.477713074082462, "miner_name": "S9 Antminer", "miner_profit": 6.517713074082463}, {"date": "2016-07-16", "miner_cost": 3.9599999999999995, "miner_revenue": 10.55451906913616, "miner_name": "S9 Antminer", "miner_profit": 6.594519069136162}, {"date": "2016-07-19", "miner_cost": 3.9599999999999995, "miner_revenue": 10.777150092724643, "miner_name": "S9 Antminer", "miner_profit": 6.817150092724644}, {"date": "2016-07-22", "miner_cost": 3.9599999999999995, "miner_revenue": 10.351061151887718, "miner_name": "S9 Antminer", "miner_profit": 6.391061151887719}, {"date": "2016-07-25", "miner_cost": 3.9599999999999995, "miner_revenue": 10.444982392790017, "miner_name": "S9 Antminer", "miner_profit": 6.484982392790018}, {"date": "2016-07-28", "miner_cost": 3.9599999999999995, "miner_revenue": 10.46240150534113, "miner_name": "S9 Antminer", "miner_profit": 6.5024015053411315}, {"date": "2016-07-31", "miner_cost": 3.9599999999999995, "miner_revenue": 9.959634077969362, "miner_name": "S9 Antminer", "miner_profit": 5.999634077969363}, {"date": "2016-08-03", "miner_cost": 3.9599999999999995, "miner_revenue": 9.510297963083643, "miner_name": "S9 Antminer", "miner_profit": 5.5502979630836435}, {"date": "2016-08-06", "miner_cost": 3.9599999999999995, "miner_revenue": 9.925567075175104, "miner_name": "S9 Antminer", "miner_profit": 5.965567075175105}, {"date": "2016-08-09", "miner_cost": 3.9599999999999995, "miner_revenue": 10.222459805133598, "miner_name": "S9 Antminer", "miner_profit": 6.262459805133599}, {"date": "2016-08-12", "miner_cost": 3.9599999999999995, "miner_revenue": 9.870107762647521, "miner_name": "S9 Antminer", "miner_profit": 5.910107762647522}, {"date": "2016-08-15", "miner_cost": 3.9599999999999995, "miner_revenue": 8.8607039609522, "miner_name": "S9 Antminer", "miner_profit": 4.900703960952201}, {"date": "2016-08-18", "miner_cost": 3.9599999999999995, "miner_revenue": 8.970362683882414, "miner_name": "S9 Antminer", "miner_profit": 5.0103626838824145}, {"date": "2016-08-21", "miner_cost": 3.9599999999999995, "miner_revenue": 9.062482014772351, "miner_name": "S9 Antminer", "miner_profit": 5.102482014772352}, {"date": "2016-08-24", "miner_cost": 3.9599999999999995, "miner_revenue": 9.070239495286055, "miner_name": "S9 Antminer", "miner_profit": 5.110239495286056}, {"date": "2016-08-27", "miner_cost": 3.9599999999999995, "miner_revenue": 8.888466514422754, "miner_name": "S9 Antminer", "miner_profit": 4.928466514422755}, {"date": "2016-08-30", "miner_cost": 3.9599999999999995, "miner_revenue": 8.906804051531948, "miner_name": "S9 Antminer", "miner_profit": 4.946804051531949}, {"date": "2016-09-02", "miner_cost": 3.9599999999999995, "miner_revenue": 8.920171802213712, "miner_name": "S9 Antminer", "miner_profit": 4.960171802213713}, {"date": "2016-09-05", "miner_cost": 3.9599999999999995, "miner_revenue": 9.422091787358733, "miner_name": "S9 Antminer", "miner_profit": 5.462091787358734}, {"date": "2016-09-08", "miner_cost": 3.9599999999999995, "miner_revenue": 9.691660250905377, "miner_name": "S9 Antminer", "miner_profit": 5.731660250905378}, {"date": "2016-09-11", "miner_cost": 3.9599999999999995, "miner_revenue": 9.38411054044428, "miner_name": "S9 Antminer", "miner_profit": 5.42411054044428}, {"date": "2016-09-14", "miner_cost": 3.9599999999999995, "miner_revenue": 9.232744048584722, "miner_name": "S9 Antminer", "miner_profit": 5.272744048584723}, {"date": "2016-09-17", "miner_cost": 3.9599999999999995, "miner_revenue": 9.143382795198129, "miner_name": "S9 Antminer", "miner_profit": 5.1833827951981295}, {"date": "2016-09-20", "miner_cost": 3.9599999999999995, "miner_revenue": 9.168918356290284, "miner_name": "S9 Antminer", "miner_profit": 5.208918356290285}, {"date": "2016-09-23", "miner_cost": 3.9599999999999995, "miner_revenue": 9.085664638111712, "miner_name": "S9 Antminer", "miner_profit": 5.125664638111713}, {"date": "2016-09-26", "miner_cost": 3.9599999999999995, "miner_revenue": 8.575903362379941, "miner_name": "S9 Antminer", "miner_profit": 4.615903362379942}, {"date": "2016-09-29", "miner_cost": 3.9599999999999995, "miner_revenue": 8.532971043799568, "miner_name": "S9 Antminer", "miner_profit": 4.572971043799569}, {"date": "2016-10-02", "miner_cost": 3.9599999999999995, "miner_revenue": 8.579724350790448, "miner_name": "S9 Antminer", "miner_profit": 4.619724350790449}, {"date": "2016-10-05", "miner_cost": 3.9599999999999995, "miner_revenue": 8.637617116205819, "miner_name": "S9 Antminer", "miner_profit": 4.67761711620582}, {"date": "2016-10-08", "miner_cost": 3.9599999999999995, "miner_revenue": 8.151220150563411, "miner_name": "S9 Antminer", "miner_profit": 4.191220150563412}, {"date": "2016-10-11", "miner_cost": 3.9599999999999995, "miner_revenue": 8.422099345827892, "miner_name": "S9 Antminer", "miner_profit": 4.462099345827893}, {"date": "2016-10-14", "miner_cost": 3.9599999999999995, "miner_revenue": 8.426279223752832, "miner_name": "S9 Antminer", "miner_profit": 4.466279223752833}, {"date": "2016-10-17", "miner_cost": 3.9599999999999995, "miner_revenue": 8.412605404342003, "miner_name": "S9 Antminer", "miner_profit": 4.452605404342004}, {"date": "2016-10-20", "miner_cost": 3.9599999999999995, "miner_revenue": 8.35304075943338, "miner_name": "S9 Antminer", "miner_profit": 4.393040759433381}, {"date": "2016-10-23", "miner_cost": 3.9599999999999995, "miner_revenue": 8.82264450929385, "miner_name": "S9 Antminer", "miner_profit": 4.862644509293851}, {"date": "2016-10-26", "miner_cost": 3.9599999999999995, "miner_revenue": 9.276296058426555, "miner_name": "S9 Antminer", "miner_profit": 5.3162960584265555}, {"date": "2016-10-29", "miner_cost": 3.9599999999999995, "miner_revenue": 9.61701111547677, "miner_name": "S9 Antminer", "miner_profit": 5.65701111547677}, {"date": "2016-11-01", "miner_cost": 3.9599999999999995, "miner_revenue": 9.829782795314117, "miner_name": "S9 Antminer", "miner_profit": 5.8697827953141175}, {"date": "2016-11-04", "miner_cost": 3.9599999999999995, "miner_revenue": 9.568186529431886, "miner_name": "S9 Antminer", "miner_profit": 5.608186529431887}, {"date": "2016-11-07", "miner_cost": 3.9599999999999995, "miner_revenue": 9.45605336946161, "miner_name": "S9 Antminer", "miner_profit": 5.496053369461611}, {"date": "2016-11-10", "miner_cost": 3.9599999999999995, "miner_revenue": 9.53085585786304, "miner_name": "S9 Antminer", "miner_profit": 5.570855857863041}, {"date": "2016-11-13", "miner_cost": 3.9599999999999995, "miner_revenue": 9.391497116219883, "miner_name": "S9 Antminer", "miner_profit": 5.431497116219884}, {"date": "2016-11-16", "miner_cost": 3.9599999999999995, "miner_revenue": 9.865496396747542, "miner_name": "S9 Antminer", "miner_profit": 5.905496396747543}, {"date": "2016-11-19", "miner_cost": 3.9599999999999995, "miner_revenue": 9.079261732314741, "miner_name": "S9 Antminer", "miner_profit": 5.119261732314742}, {"date": "2016-11-22", "miner_cost": 3.9599999999999995, "miner_revenue": 9.090871658809702, "miner_name": "S9 Antminer", "miner_profit": 5.130871658809703}, {"date": "2016-11-25", "miner_cost": 3.9599999999999995, "miner_revenue": 9.196323429310041, "miner_name": "S9 Antminer", "miner_profit": 5.236323429310042}, {"date": "2016-11-28", "miner_cost": 3.9599999999999995, "miner_revenue": 8.880919243842277, "miner_name": "S9 Antminer", "miner_profit": 4.9209192438422775}, {"date": "2016-12-01", "miner_cost": 3.9599999999999995, "miner_revenue": 9.185609108723398, "miner_name": "S9 Antminer", "miner_profit": 5.225609108723399}, {"date": "2016-12-04", "miner_cost": 3.9599999999999995, "miner_revenue": 9.10029544740303, "miner_name": "S9 Antminer", "miner_profit": 5.14029544740303}, {"date": "2016-12-07", "miner_cost": 3.9599999999999995, "miner_revenue": 9.125916637124453, "miner_name": "S9 Antminer", "miner_profit": 5.165916637124454}, {"date": "2016-12-10", "miner_cost": 3.9599999999999995, "miner_revenue": 9.239339043251121, "miner_name": "S9 Antminer", "miner_profit": 5.279339043251122}, {"date": "2016-12-13", "miner_cost": 3.9599999999999995, "miner_revenue": 9.25586947916118, "miner_name": "S9 Antminer", "miner_profit": 5.295869479161182}, {"date": "2016-12-16", "miner_cost": 3.9599999999999995, "miner_revenue": 8.674059779132115, "miner_name": "S9 Antminer", "miner_profit": 4.714059779132116}, {"date": "2016-12-19", "miner_cost": 3.9599999999999995, "miner_revenue": 8.707711822318014, "miner_name": "S9 Antminer", "miner_profit": 4.747711822318015}, {"date": "2016-12-22", "miner_cost": 3.9599999999999995, "miner_revenue": 9.459164334803665, "miner_name": "S9 Antminer", "miner_profit": 5.499164334803666}, {"date": "2016-12-25", "miner_cost": 3.9599999999999995, "miner_revenue": 9.792597754376361, "miner_name": "S9 Antminer", "miner_profit": 5.832597754376362}, {"date": "2016-12-28", "miner_cost": 3.9599999999999995, "miner_revenue": 10.484799959246752, "miner_name": "S9 Antminer", "miner_profit": 6.524799959246753}, {"date": "2016-12-31", "miner_cost": 3.9599999999999995, "miner_revenue": 10.310175654971305, "miner_name": "S9 Antminer", "miner_profit": 6.350175654971306}, {"date": "2017-01-03", "miner_cost": 3.9599999999999995, "miner_revenue": 11.161980415669543, "miner_name": "S9 Antminer", "miner_profit": 7.201980415669544}, {"date": "2017-01-06", "miner_cost": 3.9599999999999995, "miner_revenue": 9.585366865055352, "miner_name": "S9 Antminer", "miner_profit": 5.625366865055353}, {"date": "2017-01-09", "miner_cost": 3.9599999999999995, "miner_revenue": 9.735780262176041, "miner_name": "S9 Antminer", "miner_profit": 5.775780262176042}, {"date": "2017-01-12", "miner_cost": 3.9599999999999995, "miner_revenue": 8.157356318345402, "miner_name": "S9 Antminer", "miner_profit": 4.197356318345403}, {"date": "2017-01-15", "miner_cost": 3.9599999999999995, "miner_revenue": 8.285786203311075, "miner_name": "S9 Antminer", "miner_profit": 4.325786203311075}, {"date": "2017-01-18", "miner_cost": 3.9599999999999995, "miner_revenue": 8.93025816037652, "miner_name": "S9 Antminer", "miner_profit": 4.97025816037652}, {"date": "2017-01-21", "miner_cost": 3.9599999999999995, "miner_revenue": 9.331993260681811, "miner_name": "S9 Antminer", "miner_profit": 5.371993260681812}, {"date": "2017-01-24", "miner_cost": 3.9599999999999995, "miner_revenue": 7.993581777808733, "miner_name": "S9 Antminer", "miner_profit": 4.033581777808733}, {"date": "2017-01-27", "miner_cost": 3.9599999999999995, "miner_revenue": 8.035612966821398, "miner_name": "S9 Antminer", "miner_profit": 4.075612966821399}, {"date": "2017-01-30", "miner_cost": 3.9599999999999995, "miner_revenue": 8.221904833267711, "miner_name": "S9 Antminer", "miner_profit": 4.261904833267712}, {"date": "2017-02-02", "miner_cost": 3.9599999999999995, "miner_revenue": 9.012982908234704, "miner_name": "S9 Antminer", "miner_profit": 5.052982908234705}, {"date": "2017-02-05", "miner_cost": 3.9599999999999995, "miner_revenue": 8.371728565202348, "miner_name": "S9 Antminer", "miner_profit": 4.411728565202349}, {"date": "2017-02-08", "miner_cost": 3.9599999999999995, "miner_revenue": 8.82322531381856, "miner_name": "S9 Antminer", "miner_profit": 4.86322531381856}, {"date": "2017-02-11", "miner_cost": 3.9599999999999995, "miner_revenue": 8.293570940817656, "miner_name": "S9 Antminer", "miner_profit": 4.333570940817657}, {"date": "2017-02-14", "miner_cost": 3.9599999999999995, "miner_revenue": 8.367514551953157, "miner_name": "S9 Antminer", "miner_profit": 4.407514551953158}, {"date": "2017-02-17", "miner_cost": 3.9599999999999995, "miner_revenue": 8.924270756416602, "miner_name": "S9 Antminer", "miner_profit": 4.964270756416603}, {"date": "2017-02-20", "miner_cost": 3.9599999999999995, "miner_revenue": 8.831352216946225, "miner_name": "S9 Antminer", "miner_profit": 4.871352216946226}, {"date": "2017-02-23", "miner_cost": 3.9599999999999995, "miner_revenue": 9.78144744638044, "miner_name": "S9 Antminer", "miner_profit": 5.821447446380441}, {"date": "2017-02-26", "miner_cost": 3.9599999999999995, "miner_revenue": 9.435379735245816, "miner_name": "S9 Antminer", "miner_profit": 5.4753797352458164}, {"date": "2017-03-01", "miner_cost": 3.9599999999999995, "miner_revenue": 10.337212190412533, "miner_name": "S9 Antminer", "miner_profit": 6.377212190412534}, {"date": "2017-03-04", "miner_cost": 3.9599999999999995, "miner_revenue": 10.19506114235875, "miner_name": "S9 Antminer", "miner_profit": 6.2350611423587505}, {"date": "2017-03-07", "miner_cost": 3.9599999999999995, "miner_revenue": 10.05384232478455, "miner_name": "S9 Antminer", "miner_profit": 6.093842324784552}, {"date": "2017-03-10", "miner_cost": 3.9599999999999995, "miner_revenue": 8.800597135219583, "miner_name": "S9 Antminer", "miner_profit": 4.840597135219584}, {"date": "2017-03-13", "miner_cost": 3.9599999999999995, "miner_revenue": 9.82767367790027, "miner_name": "S9 Antminer", "miner_profit": 5.867673677900271}, {"date": "2017-03-16", "miner_cost": 3.9599999999999995, "miner_revenue": 9.515078932064306, "miner_name": "S9 Antminer", "miner_profit": 5.555078932064307}, {"date": "2017-03-19", "miner_cost": 3.9599999999999995, "miner_revenue": 7.796654224904146, "miner_name": "S9 Antminer", "miner_profit": 3.8366542249041466}, {"date": "2017-03-22", "miner_cost": 3.9599999999999995, "miner_revenue": 7.97117317476083, "miner_name": "S9 Antminer", "miner_profit": 4.011173174760831}, {"date": "2017-03-25", "miner_cost": 3.9599999999999995, "miner_revenue": 7.282911391018094, "miner_name": "S9 Antminer", "miner_profit": 3.3229113910180943}, {"date": "2017-03-28", "miner_cost": 3.9599999999999995, "miner_revenue": 8.07610117246256, "miner_name": "S9 Antminer", "miner_profit": 4.11610117246256}, {"date": "2017-03-31", "miner_cost": 3.9599999999999995, "miner_revenue": 8.001834184083899, "miner_name": "S9 Antminer", "miner_profit": 4.0418341840839}, {"date": "2017-04-03", "miner_cost": 3.9599999999999995, "miner_revenue": 8.243617414047206, "miner_name": "S9 Antminer", "miner_profit": 4.283617414047207}, {"date": "2017-04-06", "miner_cost": 3.9599999999999995, "miner_revenue": 8.843085188435477, "miner_name": "S9 Antminer", "miner_profit": 4.883085188435478}, {"date": "2017-04-09", "miner_cost": 3.9599999999999995, "miner_revenue": 8.656476146744195, "miner_name": "S9 Antminer", "miner_profit": 4.696476146744196}, {"date": "2017-04-12", "miner_cost": 3.9599999999999995, "miner_revenue": 9.025646114416556, "miner_name": "S9 Antminer", "miner_profit": 5.065646114416557}, {"date": "2017-04-15", "miner_cost": 3.9599999999999995, "miner_revenue": 8.346469145325184, "miner_name": "S9 Antminer", "miner_profit": 4.386469145325185}, {"date": "2017-04-18", "miner_cost": 3.9599999999999995, "miner_revenue": 8.93235218440292, "miner_name": "S9 Antminer", "miner_profit": 4.97235218440292}, {"date": "2017-04-21", "miner_cost": 3.9599999999999995, "miner_revenue": 9.314330765263833, "miner_name": "S9 Antminer", "miner_profit": 5.354330765263834}, {"date": "2017-04-24", "miner_cost": 3.9599999999999995, "miner_revenue": 8.911474464092475, "miner_name": "S9 Antminer", "miner_profit": 4.951474464092476}, {"date": "2017-04-27", "miner_cost": 3.9599999999999995, "miner_revenue": 9.644724027950321, "miner_name": "S9 Antminer", "miner_profit": 5.684724027950322}, {"date": "2017-04-30", "miner_cost": 3.9599999999999995, "miner_revenue": 9.372700027481246, "miner_name": "S9 Antminer", "miner_profit": 5.412700027481247}, {"date": "2017-05-03", "miner_cost": 3.9599999999999995, "miner_revenue": 10.880083328797104, "miner_name": "S9 Antminer", "miner_profit": 6.920083328797105}, {"date": "2017-05-06", "miner_cost": 3.9599999999999995, "miner_revenue": 11.182301558771996, "miner_name": "S9 Antminer", "miner_profit": 7.222301558771997}, {"date": "2017-05-09", "miner_cost": 3.9599999999999995, "miner_revenue": 12.471292874404503, "miner_name": "S9 Antminer", "miner_profit": 8.511292874404504}, {"date": "2017-05-12", "miner_cost": 3.9599999999999995, "miner_revenue": 11.75195927043561, "miner_name": "S9 Antminer", "miner_profit": 7.79195927043561}, {"date": "2017-05-15", "miner_cost": 3.9599999999999995, "miner_revenue": 11.670010898771238, "miner_name": "S9 Antminer", "miner_profit": 7.710010898771239}, {"date": "2017-05-18", "miner_cost": 3.9599999999999995, "miner_revenue": 13.614139965303046, "miner_name": "S9 Antminer", "miner_profit": 9.654139965303047}, {"date": "2017-05-21", "miner_cost": 3.9599999999999995, "miner_revenue": 14.290327997300102, "miner_name": "S9 Antminer", "miner_profit": 10.330327997300103}, {"date": "2017-05-24", "miner_cost": 3.9599999999999995, "miner_revenue": 16.348187551172163, "miner_name": "S9 Antminer", "miner_profit": 12.388187551172164}, {"date": "2017-05-27", "miner_cost": 3.9599999999999995, "miner_revenue": 13.893326966917634, "miner_name": "S9 Antminer", "miner_profit": 9.933326966917635}, {"date": "2017-05-30", "miner_cost": 3.9599999999999995, "miner_revenue": 15.611762195759928, "miner_name": "S9 Antminer", "miner_profit": 11.651762195759929}, {"date": "2017-06-02", "miner_cost": 3.9599999999999995, "miner_revenue": 16.973313636564576, "miner_name": "S9 Antminer", "miner_profit": 13.013313636564577}, {"date": "2017-06-05", "miner_cost": 3.9599999999999995, "miner_revenue": 16.06895838997967, "miner_name": "S9 Antminer", "miner_profit": 12.108958389979671}, {"date": "2017-06-08", "miner_cost": 3.9599999999999995, "miner_revenue": 16.745360580735362, "miner_name": "S9 Antminer", "miner_profit": 12.785360580735363}, {"date": "2017-06-11", "miner_cost": 3.9599999999999995, "miner_revenue": 17.1424332584229, "miner_name": "S9 Antminer", "miner_profit": 13.182433258422902}, {"date": "2017-06-14", "miner_cost": 3.9599999999999995, "miner_revenue": 14.90980106162183, "miner_name": "S9 Antminer", "miner_profit": 10.94980106162183}, {"date": "2017-06-17", "miner_cost": 3.9599999999999995, "miner_revenue": 14.371715547094299, "miner_name": "S9 Antminer", "miner_profit": 10.4117155470943}, {"date": "2017-06-20", "miner_cost": 3.9599999999999995, "miner_revenue": 15.593705373609575, "miner_name": "S9 Antminer", "miner_profit": 11.633705373609576}, {"date": "2017-06-23", "miner_cost": 3.9599999999999995, "miner_revenue": 14.608855969796512, "miner_name": "S9 Antminer", "miner_profit": 10.648855969796513}, {"date": "2017-06-26", "miner_cost": 3.9599999999999995, "miner_revenue": 13.618368325106896, "miner_name": "S9 Antminer", "miner_profit": 9.658368325106897}, {"date": "2017-06-29", "miner_cost": 3.9599999999999995, "miner_revenue": 14.401874015338405, "miner_name": "S9 Antminer", "miner_profit": 10.441874015338406}, {"date": "2017-07-02", "miner_cost": 3.9599999999999995, "miner_revenue": 12.567707028807163, "miner_name": "S9 Antminer", "miner_profit": 8.607707028807164}, {"date": "2017-07-05", "miner_cost": 3.9599999999999995, "miner_revenue": 13.590765587002121, "miner_name": "S9 Antminer", "miner_profit": 9.630765587002122}, {"date": "2017-07-08", "miner_cost": 3.9599999999999995, "miner_revenue": 12.981432037752029, "miner_name": "S9 Antminer", "miner_profit": 9.02143203775203}, {"date": "2017-07-11", "miner_cost": 3.9599999999999995, "miner_revenue": 12.00323310718246, "miner_name": "S9 Antminer", "miner_profit": 8.043233107182461}, {"date": "2017-07-14", "miner_cost": 3.9599999999999995, "miner_revenue": 10.037418848101769, "miner_name": "S9 Antminer", "miner_profit": 6.07741884810177}, {"date": "2017-07-17", "miner_cost": 3.9599999999999995, "miner_revenue": 9.82461161074891, "miner_name": "S9 Antminer", "miner_profit": 5.864611610748911}, {"date": "2017-07-20", "miner_cost": 3.9599999999999995, "miner_revenue": 13.134660863011366, "miner_name": "S9 Antminer", "miner_profit": 9.174660863011367}, {"date": "2017-07-23", "miner_cost": 3.9599999999999995, "miner_revenue": 11.773177850909182, "miner_name": "S9 Antminer", "miner_profit": 7.813177850909183}, {"date": "2017-07-26", "miner_cost": 3.9599999999999995, "miner_revenue": 11.089178322475693, "miner_name": "S9 Antminer", "miner_profit": 7.129178322475694}, {"date": "2017-07-29", "miner_cost": 3.9599999999999995, "miner_revenue": 11.132470797469004, "miner_name": "S9 Antminer", "miner_profit": 7.172470797469005}, {"date": "2017-08-01", "miner_cost": 3.9599999999999995, "miner_revenue": 10.81088657940981, "miner_name": "S9 Antminer", "miner_profit": 6.850886579409812}, {"date": "2017-08-04", "miner_cost": 3.9599999999999995, "miner_revenue": 11.558950875447303, "miner_name": "S9 Antminer", "miner_profit": 7.598950875447304}, {"date": "2017-08-07", "miner_cost": 3.9599999999999995, "miner_revenue": 13.825494681889285, "miner_name": "S9 Antminer", "miner_profit": 9.865494681889286}, {"date": "2017-08-10", "miner_cost": 3.9599999999999995, "miner_revenue": 13.530972949171801, "miner_name": "S9 Antminer", "miner_profit": 9.570972949171802}, {"date": "2017-08-13", "miner_cost": 3.9599999999999995, "miner_revenue": 16.194342837039216, "miner_name": "S9 Antminer", "miner_profit": 12.234342837039216}, {"date": "2017-08-16", "miner_cost": 3.9599999999999995, "miner_revenue": 18.827174189036512, "miner_name": "S9 Antminer", "miner_profit": 14.867174189036513}, {"date": "2017-08-19", "miner_cost": 3.9599999999999995, "miner_revenue": 17.08117052050036, "miner_name": "S9 Antminer", "miner_profit": 13.121170520500362}, {"date": "2017-08-22", "miner_cost": 3.9599999999999995, "miner_revenue": 19.00357888334039, "miner_name": "S9 Antminer", "miner_profit": 15.04357888334039}, {"date": "2017-08-25", "miner_cost": 3.9599999999999995, "miner_revenue": 21.655654921629825, "miner_name": "S9 Antminer", "miner_profit": 17.695654921629824}, {"date": "2017-08-28", "miner_cost": 3.9599999999999995, "miner_revenue": 20.03313390677532, "miner_name": "S9 Antminer", "miner_profit": 16.07313390677532}, {"date": "2017-08-31", "miner_cost": 3.9599999999999995, "miner_revenue": 21.123223833785836, "miner_name": "S9 Antminer", "miner_profit": 17.163223833785835}, {"date": "2017-09-03", "miner_cost": 3.9599999999999995, "miner_revenue": 19.260760809434675, "miner_name": "S9 Antminer", "miner_profit": 15.300760809434676}, {"date": "2017-09-06", "miner_cost": 3.9599999999999995, "miner_revenue": 18.696256873670897, "miner_name": "S9 Antminer", "miner_profit": 14.736256873670898}, {"date": "2017-09-09", "miner_cost": 3.9599999999999995, "miner_revenue": 16.638554406515773, "miner_name": "S9 Antminer", "miner_profit": 12.678554406515774}, {"date": "2017-09-12", "miner_cost": 3.9599999999999995, "miner_revenue": 15.957611180491936, "miner_name": "S9 Antminer", "miner_profit": 11.997611180491937}, {"date": "2017-09-15", "miner_cost": 3.9599999999999995, "miner_revenue": 13.453395649223712, "miner_name": "S9 Antminer", "miner_profit": 9.493395649223713}, {"date": "2017-09-18", "miner_cost": 3.9599999999999995, "miner_revenue": 13.489708404111783, "miner_name": "S9 Antminer", "miner_profit": 9.529708404111783}, {"date": "2017-09-21", "miner_cost": 3.9599999999999995, "miner_revenue": 11.58937900962463, "miner_name": "S9 Antminer", "miner_profit": 7.62937900962463}, {"date": "2017-09-24", "miner_cost": 3.9599999999999995, "miner_revenue": 11.568594591370285, "miner_name": "S9 Antminer", "miner_profit": 7.608594591370286}, {"date": "2017-09-27", "miner_cost": 3.9599999999999995, "miner_revenue": 13.450074027873221, "miner_name": "S9 Antminer", "miner_profit": 9.490074027873222}, {"date": "2017-09-30", "miner_cost": 3.9599999999999995, "miner_revenue": 13.716863958540054, "miner_name": "S9 Antminer", "miner_profit": 9.756863958540055}, {"date": "2017-10-03", "miner_cost": 3.9599999999999995, "miner_revenue": 13.381937127985758, "miner_name": "S9 Antminer", "miner_profit": 9.421937127985759}, {"date": "2017-10-06", "miner_cost": 3.9599999999999995, "miner_revenue": 13.608170497577401, "miner_name": "S9 Antminer", "miner_profit": 9.648170497577402}, {"date": "2017-10-09", "miner_cost": 3.9599999999999995, "miner_revenue": 14.984211194690271, "miner_name": "S9 Antminer", "miner_profit": 11.024211194690272}, {"date": "2017-10-12", "miner_cost": 3.9599999999999995, "miner_revenue": 16.984660208885316, "miner_name": "S9 Antminer", "miner_profit": 13.024660208885317}, {"date": "2017-10-15", "miner_cost": 3.9599999999999995, "miner_revenue": 16.54418373916702, "miner_name": "S9 Antminer", "miner_profit": 12.584183739167022}, {"date": "2017-10-18", "miner_cost": 3.9599999999999995, "miner_revenue": 16.690062109767773, "miner_name": "S9 Antminer", "miner_profit": 12.730062109767774}, {"date": "2017-10-21", "miner_cost": 3.9599999999999995, "miner_revenue": 17.85344386693413, "miner_name": "S9 Antminer", "miner_profit": 13.89344386693413}, {"date": "2017-10-24", "miner_cost": 3.9599999999999995, "miner_revenue": 16.529848637745825, "miner_name": "S9 Antminer", "miner_profit": 12.569848637745826}, {"date": "2017-10-27", "miner_cost": 3.9599999999999995, "miner_revenue": 14.670682354037687, "miner_name": "S9 Antminer", "miner_profit": 10.710682354037688}, {"date": "2017-10-30", "miner_cost": 3.9599999999999995, "miner_revenue": 15.734286516603285, "miner_name": "S9 Antminer", "miner_profit": 11.774286516603286}, {"date": "2017-11-02", "miner_cost": 3.9599999999999995, "miner_revenue": 18.338219608004255, "miner_name": "S9 Antminer", "miner_profit": 14.378219608004256}, {"date": "2017-11-05", "miner_cost": 3.9599999999999995, "miner_revenue": 18.498549318033124, "miner_name": "S9 Antminer", "miner_profit": 14.538549318033125}, {"date": "2017-11-08", "miner_cost": 3.9599999999999995, "miner_revenue": 19.561120570304304, "miner_name": "S9 Antminer", "miner_profit": 15.601120570304305}, {"date": "2017-11-11", "miner_cost": 3.9599999999999995, "miner_revenue": 20.21582998349866, "miner_name": "S9 Antminer", "miner_profit": 16.25582998349866}, {"date": "2017-11-14", "miner_cost": 3.9599999999999995, "miner_revenue": 22.235359254182942, "miner_name": "S9 Antminer", "miner_profit": 18.27535925418294}, {"date": "2017-11-17", "miner_cost": 3.9599999999999995, "miner_revenue": 22.278598933973583, "miner_name": "S9 Antminer", "miner_profit": 18.318598933973583}, {"date": "2017-11-20", "miner_cost": 3.9599999999999995, "miner_revenue": 22.821540780623696, "miner_name": "S9 Antminer", "miner_profit": 18.861540780623695}, {"date": "2017-11-23", "miner_cost": 3.9599999999999995, "miner_revenue": 22.237403237412597, "miner_name": "S9 Antminer", "miner_profit": 18.277403237412596}, {"date": "2017-11-26", "miner_cost": 3.9599999999999995, "miner_revenue": 24.853459376632166, "miner_name": "S9 Antminer", "miner_profit": 20.893459376632165}, {"date": "2017-11-29", "miner_cost": 3.9599999999999995, "miner_revenue": 27.1656993854559, "miner_name": "S9 Antminer", "miner_profit": 23.205699385455897}, {"date": "2017-12-02", "miner_cost": 3.9599999999999995, "miner_revenue": 29.288136092806976, "miner_name": "S9 Antminer", "miner_profit": 25.328136092806975}, {"date": "2017-12-05", "miner_cost": 3.9599999999999995, "miner_revenue": 31.805792936618214, "miner_name": "S9 Antminer", "miner_profit": 27.845792936618214}, {"date": "2017-12-08", "miner_cost": 3.9599999999999995, "miner_revenue": 44.08857033272285, "miner_name": "S9 Antminer", "miner_profit": 40.12857033272285}, {"date": "2017-12-11", "miner_cost": 3.9599999999999995, "miner_revenue": 42.44369861705142, "miner_name": "S9 Antminer", "miner_profit": 38.48369861705142}, {"date": "2017-12-14", "miner_cost": 3.9599999999999995, "miner_revenue": 44.02334385625278, "miner_name": "S9 Antminer", "miner_profit": 40.06334385625278}, {"date": "2017-12-17", "miner_cost": 3.9599999999999995, "miner_revenue": 49.08138242210619, "miner_name": "S9 Antminer", "miner_profit": 45.12138242210619}, {"date": "2017-12-20", "miner_cost": 3.9599999999999995, "miner_revenue": 43.48172800489223, "miner_name": "S9 Antminer", "miner_profit": 39.52172800489223}, {"date": "2017-12-23", "miner_cost": 3.9599999999999995, "miner_revenue": 43.63516372526429, "miner_name": "S9 Antminer", "miner_profit": 39.67516372526429}, {"date": "2017-12-26", "miner_cost": 3.9599999999999995, "miner_revenue": 39.71148989873979, "miner_name": "S9 Antminer", "miner_profit": 35.75148989873979}, {"date": "2017-12-29", "miner_cost": 3.9599999999999995, "miner_revenue": 35.61485904202657, "miner_name": "S9 Antminer", "miner_profit": 31.654859042026573}, {"date": "2018-01-01", "miner_cost": 3.9599999999999995, "miner_revenue": 29.148347733221136, "miner_name": "S9 Antminer", "miner_profit": 25.188347733221136}, {"date": "2018-01-04", "miner_cost": 3.7439999999999998, "miner_revenue": 36.917521948444474, "miner_name": "Ebit E9+", "miner_profit": 33.173521948444474}, {"date": "2018-01-07", "miner_cost": 3.7439999999999998, "miner_revenue": 39.45412787570688, "miner_name": "Ebit E9+", "miner_profit": 35.71012787570688}, {"date": "2018-01-10", "miner_cost": 3.7439999999999998, "miner_revenue": 36.07997545045985, "miner_name": "Ebit E9+", "miner_profit": 32.33597545045985}, {"date": "2018-01-13", "miner_cost": 3.7439999999999998, "miner_revenue": 28.50959961715236, "miner_name": "Ebit E9+", "miner_profit": 24.76559961715236}, {"date": "2018-01-16", "miner_cost": 3.7439999999999998, "miner_revenue": 22.281662821670405, "miner_name": "Ebit E9+", "miner_profit": 18.537662821670406}, {"date": "2018-01-19", "miner_cost": 3.7439999999999998, "miner_revenue": 21.637529456501035, "miner_name": "Ebit E9+", "miner_profit": 17.893529456501035}, {"date": "2018-01-22", "miner_cost": 3.7439999999999998, "miner_revenue": 18.50618481131264, "miner_name": "Ebit E9+", "miner_profit": 14.76218481131264}, {"date": "2018-01-25", "miner_cost": 3.7439999999999998, "miner_revenue": 16.333635006954285, "miner_name": "Ebit E9+", "miner_profit": 12.589635006954286}, {"date": "2018-01-28", "miner_cost": 3.7439999999999998, "miner_revenue": 16.53229937699451, "miner_name": "Ebit E9+", "miner_profit": 12.788299376994509}, {"date": "2018-01-31", "miner_cost": 3.7439999999999998, "miner_revenue": 14.648061728488795, "miner_name": "Ebit E9+", "miner_profit": 10.904061728488795}, {"date": "2018-02-03", "miner_cost": 3.7439999999999998, "miner_revenue": 12.710364997349455, "miner_name": "Ebit E9+", "miner_profit": 8.966364997349455}, {"date": "2018-02-06", "miner_cost": 3.7439999999999998, "miner_revenue": 9.797361730134908, "miner_name": "Ebit E9+", "miner_profit": 6.053361730134908}, {"date": "2018-02-09", "miner_cost": 3.7439999999999998, "miner_revenue": 10.65722177913452, "miner_name": "Ebit E9+", "miner_profit": 6.9132217791345205}, {"date": "2018-02-12", "miner_cost": 3.7439999999999998, "miner_revenue": 10.858199345397207, "miner_name": "Ebit E9+", "miner_profit": 7.114199345397207}, {"date": "2018-02-15", "miner_cost": 3.7439999999999998, "miner_revenue": 12.36004639005761, "miner_name": "Ebit E9+", "miner_profit": 8.61604639005761}, {"date": "2018-02-18", "miner_cost": 3.7439999999999998, "miner_revenue": 12.862606828379116, "miner_name": "Ebit E9+", "miner_profit": 9.118606828379116}, {"date": "2018-02-21", "miner_cost": 3.7439999999999998, "miner_revenue": 12.335367510248275, "miner_name": "Ebit E9+", "miner_profit": 8.591367510248276}, {"date": "2018-02-24", "miner_cost": 3.7439999999999998, "miner_revenue": 11.6466611760279, "miner_name": "Ebit E9+", "miner_profit": 7.9026611760279}, {"date": "2018-02-27", "miner_cost": 3.7439999999999998, "miner_revenue": 12.637843683424965, "miner_name": "Ebit E9+", "miner_profit": 8.893843683424965}, {"date": "2018-03-02", "miner_cost": 5.702465753424658, "miner_revenue": 22.197276473974885, "miner_name": "Innosilicon T2 Turbo + PSU BTC 24TH/s", "miner_profit": 16.494810720550227}, {"date": "2018-03-05", "miner_cost": 5.702465753424658, "miner_revenue": 21.357561306732226, "miner_name": "Innosilicon T2 Turbo + PSU BTC 24TH/s", "miner_profit": 15.655095553307568}, {"date": "2018-03-08", "miner_cost": 5.702465753424658, "miner_revenue": 17.3186068859895, "miner_name": "Innosilicon T2 Turbo + PSU BTC 24TH/s", "miner_profit": 11.616141132564842}, {"date": "2018-03-11", "miner_cost": 5.702465753424658, "miner_revenue": 17.986644803846822, "miner_name": "Innosilicon T2 Turbo + PSU BTC 24TH/s", "miner_profit": 12.284179050422164}, {"date": "2018-03-14", "miner_cost": 5.702465753424658, "miner_revenue": 14.94990635205853, "miner_name": "Innosilicon T2 Turbo + PSU BTC 24TH/s", "miner_profit": 9.247440598633872}, {"date": "2018-03-17", "miner_cost": 5.702465753424658, "miner_revenue": 14.660396624593595, "miner_name": "Innosilicon T2 Turbo + PSU BTC 24TH/s", "miner_profit": 8.957930871168937}, {"date": "2018-03-20", "miner_cost": 5.702465753424658, "miner_revenue": 15.673492014790337, "miner_name": "Innosilicon T2 Turbo + PSU BTC 24TH/s", "miner_profit": 9.97102626136568}, {"date": "2018-03-23", "miner_cost": 5.702465753424658, "miner_revenue": 15.149641085534563, "miner_name": "Innosilicon T2 Turbo + PSU BTC 24TH/s", "miner_profit": 9.447175332109905}, {"date": "2018-03-26", "miner_cost": 5.702465753424658, "miner_revenue": 14.28775593192751, "miner_name": "Innosilicon T2 Turbo + PSU BTC 24TH/s", "miner_profit": 8.585290178502852}, {"date": "2018-03-29", "miner_cost": 5.702465753424658, "miner_revenue": 12.50078461858556, "miner_name": "Innosilicon T2 Turbo + PSU BTC 24TH/s", "miner_profit": 6.798318865160901}, {"date": "2018-04-01", "miner_cost": 5.702465753424658, "miner_revenue": 11.678016132242604, "miner_name": "Innosilicon T2 Turbo + PSU BTC 24TH/s", "miner_profit": 5.975550378817946}, {"date": "2018-04-04", "miner_cost": 5.702465753424658, "miner_revenue": 11.667112922916452, "miner_name": "Innosilicon T2 Turbo + PSU BTC 24TH/s", "miner_profit": 5.964647169491794}, {"date": "2018-04-07", "miner_cost": 5.702465753424658, "miner_revenue": 11.907624657426329, "miner_name": "Innosilicon T2 Turbo + PSU BTC 24TH/s", "miner_profit": 6.205158904001671}, {"date": "2018-04-10", "miner_cost": 5.702465753424658, "miner_revenue": 11.66678634229029, "miner_name": "Innosilicon T2 Turbo + PSU BTC 24TH/s", "miner_profit": 5.9643205888656325}, {"date": "2018-04-13", "miner_cost": 5.702465753424658, "miner_revenue": 13.570986301699689, "miner_name": "Innosilicon T2 Turbo + PSU BTC 24TH/s", "miner_profit": 7.868520548275031}, {"date": "2018-04-16", "miner_cost": 5.702465753424658, "miner_revenue": 12.643945618380434, "miner_name": "Innosilicon T2 Turbo + PSU BTC 24TH/s", "miner_profit": 6.941479864955776}, {"date": "2018-04-19", "miner_cost": 5.702465753424658, "miner_revenue": 12.97533334357051, "miner_name": "Innosilicon T2 Turbo + PSU BTC 24TH/s", "miner_profit": 7.272867590145852}, {"date": "2018-04-22", "miner_cost": 5.702465753424658, "miner_revenue": 13.893194530128204, "miner_name": "Innosilicon T2 Turbo + PSU BTC 24TH/s", "miner_profit": 8.190728776703546}, {"date": "2018-04-25", "miner_cost": 5.702465753424658, "miner_revenue": 14.572159773012032, "miner_name": "Innosilicon T2 Turbo + PSU BTC 24TH/s", "miner_profit": 8.869694019587374}, {"date": "2018-04-28", "miner_cost": 5.702465753424658, "miner_revenue": 14.002368728450282, "miner_name": "Innosilicon T2 Turbo + PSU BTC 24TH/s", "miner_profit": 8.299902975025624}, {"date": "2018-05-01", "miner_cost": 5.702465753424658, "miner_revenue": 13.616950281175509, "miner_name": "Innosilicon T2 Turbo + PSU BTC 24TH/s", "miner_profit": 7.914484527750851}, {"date": "2018-05-04", "miner_cost": 5.702465753424658, "miner_revenue": 14.570637606991347, "miner_name": "Innosilicon T2 Turbo + PSU BTC 24TH/s", "miner_profit": 8.86817185356669}, {"date": "2018-05-07", "miner_cost": 5.702465753424658, "miner_revenue": 14.03038572765496, "miner_name": "Innosilicon T2 Turbo + PSU BTC 24TH/s", "miner_profit": 8.327919974230301}, {"date": "2018-05-10", "miner_cost": 5.702465753424658, "miner_revenue": 13.656482605949464, "miner_name": "Innosilicon T2 Turbo + PSU BTC 24TH/s", "miner_profit": 7.954016852524806}, {"date": "2018-05-13", "miner_cost": 5.702465753424658, "miner_revenue": 12.710584727336107, "miner_name": "Innosilicon T2 Turbo + PSU BTC 24TH/s", "miner_profit": 7.008118973911449}, {"date": "2018-05-16", "miner_cost": 5.702465753424658, "miner_revenue": 12.152478301957677, "miner_name": "Innosilicon T2 Turbo + PSU BTC 24TH/s", "miner_profit": 6.450012548533019}, {"date": "2018-05-19", "miner_cost": 5.702465753424658, "miner_revenue": 11.976051186523584, "miner_name": "Innosilicon T2 Turbo + PSU BTC 24TH/s", "miner_profit": 6.273585433098926}, {"date": "2018-05-22", "miner_cost": 5.702465753424658, "miner_revenue": 11.673553507853576, "miner_name": "Innosilicon T2 Turbo + PSU BTC 24TH/s", "miner_profit": 5.971087754428918}, {"date": "2018-05-25", "miner_cost": 5.702465753424658, "miner_revenue": 10.432393350213335, "miner_name": "Innosilicon T2 Turbo + PSU BTC 24TH/s", "miner_profit": 4.729927596788677}, {"date": "2018-05-28", "miner_cost": 5.702465753424658, "miner_revenue": 10.022177957724985, "miner_name": "Innosilicon T2 Turbo + PSU BTC 24TH/s", "miner_profit": 4.319712204300327}, {"date": "2018-05-31", "miner_cost": 5.702465753424658, "miner_revenue": 10.497123496404132, "miner_name": "Innosilicon T2 Turbo + PSU BTC 24TH/s", "miner_profit": 4.794657742979474}, {"date": "2018-06-03", "miner_cost": 5.702465753424658, "miner_revenue": 10.789209949688306, "miner_name": "Innosilicon T2 Turbo + PSU BTC 24TH/s", "miner_profit": 5.086744196263648}, {"date": "2018-06-06", "miner_cost": 5.702465753424658, "miner_revenue": 9.351175599273752, "miner_name": "Innosilicon T2 Turbo + PSU BTC 24TH/s", "miner_profit": 3.648709845849094}, {"date": "2018-06-09", "miner_cost": 5.702465753424658, "miner_revenue": 9.260446960943185, "miner_name": "Innosilicon T2 Turbo + PSU BTC 24TH/s", "miner_profit": 3.5579812075185266}, {"date": "2018-06-12", "miner_cost": 5.702465753424658, "miner_revenue": 7.982469014535029, "miner_name": "Innosilicon T2 Turbo + PSU BTC 24TH/s", "miner_profit": 2.2800032611103713}, {"date": "2018-06-15", "miner_cost": 5.702465753424658, "miner_revenue": 7.859107309823214, "miner_name": "Innosilicon T2 Turbo + PSU BTC 24TH/s", "miner_profit": 2.156641556398556}, {"date": "2018-06-18", "miner_cost": 5.702465753424658, "miner_revenue": 8.200388713242722, "miner_name": "Innosilicon T2 Turbo + PSU BTC 24TH/s", "miner_profit": 2.497922959818064}, {"date": "2018-06-21", "miner_cost": 5.702465753424658, "miner_revenue": 8.047854827502963, "miner_name": "Innosilicon T2 Turbo + PSU BTC 24TH/s", "miner_profit": 2.345389074078305}, {"date": "2018-06-24", "miner_cost": 5.702465753424658, "miner_revenue": 7.354087588184877, "miner_name": "Innosilicon T2 Turbo + PSU BTC 24TH/s", "miner_profit": 1.6516218347602187}, {"date": "2018-06-27", "miner_cost": 5.702465753424658, "miner_revenue": 7.299430426359294, "miner_name": "Innosilicon T2 Turbo + PSU BTC 24TH/s", "miner_profit": 1.5969646729346358}, {"date": "2018-06-30", "miner_cost": 5.702465753424658, "miner_revenue": 7.077087088120763, "miner_name": "Innosilicon T2 Turbo + PSU BTC 24TH/s", "miner_profit": 1.374621334696105}, {"date": "2018-07-03", "miner_cost": 5.702465753424658, "miner_revenue": 7.462613837169189, "miner_name": "Innosilicon T2 Turbo + PSU BTC 24TH/s", "miner_profit": 1.7601480837445314}, {"date": "2018-07-06", "miner_cost": 5.702465753424658, "miner_revenue": 7.326020005588987, "miner_name": "Innosilicon T2 Turbo + PSU BTC 24TH/s", "miner_profit": 1.623554252164329}, {"date": "2018-07-09", "miner_cost": 5.702465753424658, "miner_revenue": 7.5631126924965715, "miner_name": "Innosilicon T2 Turbo + PSU BTC 24TH/s", "miner_profit": 1.8606469390719136}, {"date": "2018-07-12", "miner_cost": 5.702465753424658, "miner_revenue": 7.193803027425974, "miner_name": "Innosilicon T2 Turbo + PSU BTC 24TH/s", "miner_profit": 1.4913372740013164}, {"date": "2018-07-15", "miner_cost": 5.702465753424658, "miner_revenue": 7.055116407322381, "miner_name": "Innosilicon T2 Turbo + PSU BTC 24TH/s", "miner_profit": 1.3526506538977232}, {"date": "2018-07-18", "miner_cost": 5.702465753424658, "miner_revenue": 8.578336268055475, "miner_name": "Innosilicon T2 Turbo + PSU BTC 24TH/s", "miner_profit": 2.875870514630817}, {"date": "2018-07-21", "miner_cost": 5.702465753424658, "miner_revenue": 8.544692580367833, "miner_name": "Innosilicon T2 Turbo + PSU BTC 24TH/s", "miner_profit": 2.8422268269431754}, {"date": "2018-07-24", "miner_cost": 5.702465753424658, "miner_revenue": 8.982689809927935, "miner_name": "Innosilicon T2 Turbo + PSU BTC 24TH/s", "miner_profit": 3.280224056503277}, {"date": "2018-07-27", "miner_cost": 5.702465753424658, "miner_revenue": 9.24918231080809, "miner_name": "Innosilicon T2 Turbo + PSU BTC 24TH/s", "miner_profit": 3.546716557383432}, {"date": "2018-07-30", "miner_cost": 5.702465753424658, "miner_revenue": 8.367988499996, "miner_name": "Innosilicon T2 Turbo + PSU BTC 24TH/s", "miner_profit": 2.6655227465713427}, {"date": "2018-08-02", "miner_cost": 6.335999999999999, "miner_revenue": 10.283761714129442, "miner_name": "Innosilicon T2 Turbo + PSU BTC 32TH/s", "miner_profit": 3.9477617141294425}, {"date": "2018-08-05", "miner_cost": 6.335999999999999, "miner_revenue": 9.478646388048402, "miner_name": "Innosilicon T2 Turbo + PSU BTC 32TH/s", "miner_profit": 3.1426463880484024}, {"date": "2018-08-08", "miner_cost": 6.335999999999999, "miner_revenue": 8.816381631400997, "miner_name": "Innosilicon T2 Turbo + PSU BTC 32TH/s", "miner_profit": 2.4803816314009977}, {"date": "2018-08-11", "miner_cost": 6.335999999999999, "miner_revenue": 7.85924153476505, "miner_name": "Innosilicon T2 Turbo + PSU BTC 32TH/s", "miner_profit": 1.5232415347650505}, {"date": "2018-08-14", "miner_cost": 6.335999999999999, "miner_revenue": 7.739074366338392, "miner_name": "Innosilicon T2 Turbo + PSU BTC 32TH/s", "miner_profit": 1.4030743663383927}, {"date": "2018-08-17", "miner_cost": 6.335999999999999, "miner_revenue": 8.263759212362077, "miner_name": "Innosilicon T2 Turbo + PSU BTC 32TH/s", "miner_profit": 1.9277592123620773}, {"date": "2018-08-20", "miner_cost": 6.335999999999999, "miner_revenue": 8.229253013942117, "miner_name": "Innosilicon T2 Turbo + PSU BTC 32TH/s", "miner_profit": 1.8932530139421173}, {"date": "2018-08-23", "miner_cost": 6.335999999999999, "miner_revenue": 8.188024324202273, "miner_name": "Innosilicon T2 Turbo + PSU BTC 32TH/s", "miner_profit": 1.8520243242022731}, {"date": "2018-08-26", "miner_cost": 6.335999999999999, "miner_revenue": 8.084719186289515, "miner_name": "Innosilicon T2 Turbo + PSU BTC 32TH/s", "miner_profit": 1.7487191862895157}, {"date": "2018-08-29", "miner_cost": 6.335999999999999, "miner_revenue": 8.552661539509502, "miner_name": "Innosilicon T2 Turbo + PSU BTC 32TH/s", "miner_profit": 2.216661539509503}, {"date": "2018-09-01", "miner_cost": 6.335999999999999, "miner_revenue": 8.580097359308821, "miner_name": "Innosilicon T2 Turbo + PSU BTC 32TH/s", "miner_profit": 2.244097359308822}, {"date": "2018-09-04", "miner_cost": 6.177534246575342, "miner_revenue": 9.176057784492638, "miner_name": "MicroBT Whatsminer M10", "miner_profit": 2.998523537917296}, {"date": "2018-09-07", "miner_cost": 6.177534246575342, "miner_revenue": 7.731002912654538, "miner_name": "MicroBT Whatsminer M10", "miner_profit": 1.5534686660791959}, {"date": "2018-09-10", "miner_cost": 6.177534246575342, "miner_revenue": 7.533470558840021, "miner_name": "MicroBT Whatsminer M10", "miner_profit": 1.3559363122646788}, {"date": "2018-09-13", "miner_cost": 6.177534246575342, "miner_revenue": 7.709054872357281, "miner_name": "MicroBT Whatsminer M10", "miner_profit": 1.5315206257819387}, {"date": "2018-09-16", "miner_cost": 6.177534246575342, "miner_revenue": 7.71903743151669, "miner_name": "MicroBT Whatsminer M10", "miner_profit": 1.541503184941348}, {"date": "2018-09-19", "miner_cost": 6.177534246575342, "miner_revenue": 7.555860167996289, "miner_name": "MicroBT Whatsminer M10", "miner_profit": 1.378325921420947}, {"date": "2018-09-22", "miner_cost": 6.177534246575342, "miner_revenue": 7.858717181623759, "miner_name": "MicroBT Whatsminer M10", "miner_profit": 1.681182935048417}, {"date": "2018-09-25", "miner_cost": 6.177534246575342, "miner_revenue": 7.510925166368657, "miner_name": "MicroBT Whatsminer M10", "miner_profit": 1.333390919793315}, {"date": "2018-09-28", "miner_cost": 6.177534246575342, "miner_revenue": 7.863052588305642, "miner_name": "MicroBT Whatsminer M10", "miner_profit": 1.6855183417303001}, {"date": "2018-10-01", "miner_cost": 6.177534246575342, "miner_revenue": 7.730963833603792, "miner_name": "MicroBT Whatsminer M10", "miner_profit": 1.5534295870284502}, {"date": "2018-10-04", "miner_cost": 5.702465753424658, "miner_revenue": 9.838451275057903, "miner_name": "Ebang E11++", "miner_profit": 4.135985521633245}, {"date": "2018-10-07", "miner_cost": 5.702465753424658, "miner_revenue": 9.805350386634963, "miner_name": "Ebang E11++", "miner_profit": 4.102884633210305}, {"date": "2018-10-10", "miner_cost": 5.702465753424658, "miner_revenue": 9.824931857715042, "miner_name": "Ebang E11++", "miner_profit": 4.122466104290384}, {"date": "2018-10-13", "miner_cost": 5.702465753424658, "miner_revenue": 9.361621662416056, "miner_name": "Ebang E11++", "miner_profit": 3.659155908991398}, {"date": "2018-10-16", "miner_cost": 5.702465753424658, "miner_revenue": 9.902295963925331, "miner_name": "Ebang E11++", "miner_profit": 4.199830210500673}, {"date": "2018-10-19", "miner_cost": 5.702465753424658, "miner_revenue": 10.092355446726934, "miner_name": "Ebang E11++", "miner_profit": 4.389889693302276}, {"date": "2018-10-22", "miner_cost": 5.702465753424658, "miner_revenue": 10.096224511385234, "miner_name": "Ebang E11++", "miner_profit": 4.393758757960576}, {"date": "2018-10-25", "miner_cost": 5.702465753424658, "miner_revenue": 10.080722448247297, "miner_name": "Ebang E11++", "miner_profit": 4.378256694822639}, {"date": "2018-10-28", "miner_cost": 5.702465753424658, "miner_revenue": 10.02625189535444, "miner_name": "Ebang E11++", "miner_profit": 4.323786141929782}, {"date": "2018-10-31", "miner_cost": 5.702465753424658, "miner_revenue": 9.799492206590871, "miner_name": "Ebang E11++", "miner_profit": 4.0970264531662135}, {"date": "2018-11-03", "miner_cost": 5.702465753424658, "miner_revenue": 9.86654830746109, "miner_name": "Ebang E11++", "miner_profit": 4.1640825540364315}, {"date": "2018-11-06", "miner_cost": 5.702465753424658, "miner_revenue": 10.044972588857773, "miner_name": "Ebang E11++", "miner_profit": 4.342506835433115}, {"date": "2018-11-09", "miner_cost": 5.702465753424658, "miner_revenue": 10.01298461240442, "miner_name": "Ebang E11++", "miner_profit": 4.310518858979762}, {"date": "2018-11-12", "miner_cost": 5.702465753424658, "miner_revenue": 9.967107657696381, "miner_name": "Ebang E11++", "miner_profit": 4.264641904271723}, {"date": "2018-11-15", "miner_cost": 5.702465753424658, "miner_revenue": 8.858019563049513, "miner_name": "Ebang E11++", "miner_profit": 3.1555538096248554}, {"date": "2018-11-18", "miner_cost": 5.702465753424658, "miner_revenue": 9.43194209566628, "miner_name": "Ebang E11++", "miner_profit": 3.7294763422416217}, {"date": "2018-11-21", "miner_cost": 5.702465753424658, "miner_revenue": 7.82621031213193, "miner_name": "Ebang E11++", "miner_profit": 2.123744558707272}, {"date": "2018-11-24", "miner_cost": 5.702465753424658, "miner_revenue": 7.264996940820858, "miner_name": "Ebang E11++", "miner_profit": 1.5625311873961998}, {"date": "2018-11-27", "miner_cost": 5.702465753424658, "miner_revenue": 6.38126669231748, "miner_name": "Ebang E11++", "miner_profit": 0.678800938892822}, {"date": "2018-11-30", "miner_cost": 5.702465753424658, "miner_revenue": 7.050113508353999, "miner_name": "Ebang E11++", "miner_profit": 1.3476477549293415}, {"date": "2018-12-03", "miner_cost": 5.702465753424658, "miner_revenue": 7.944169461208094, "miner_name": "Ebang E11++", "miner_profit": 2.2417037077834365}, {"date": "2018-12-06", "miner_cost": 5.702465753424658, "miner_revenue": 7.458049098622048, "miner_name": "Ebang E11++", "miner_profit": 1.7555833451973903}, {"date": "2018-12-09", "miner_cost": 5.702465753424658, "miner_revenue": 6.987429330184635, "miner_name": "Ebang E11++", "miner_profit": 1.284963576759977}, {"date": "2018-12-12", "miner_cost": 5.702465753424658, "miner_revenue": 6.884972185141758, "miner_name": "Ebang E11++", "miner_profit": 1.1825064317171003}, {"date": "2018-12-15", "miner_cost": 5.702465753424658, "miner_revenue": 6.3823096422536425, "miner_name": "Ebang E11++", "miner_profit": 0.6798438888289846}, {"date": "2018-12-18", "miner_cost": 5.702465753424658, "miner_revenue": 7.858056076691196, "miner_name": "Ebang E11++", "miner_profit": 2.155590323266538}, {"date": "2018-12-21", "miner_cost": 5.702465753424658, "miner_revenue": 8.854562335446982, "miner_name": "Ebang E11++", "miner_profit": 3.152096582022324}, {"date": "2018-12-24", "miner_cost": 5.702465753424658, "miner_revenue": 9.163453776689504, "miner_name": "Ebang E11++", "miner_profit": 3.4609880232648464}, {"date": "2018-12-27", "miner_cost": 5.702465753424658, "miner_revenue": 8.183620831258628, "miner_name": "Ebang E11++", "miner_profit": 2.4811550778339697}, {"date": "2018-12-30", "miner_cost": 5.702465753424658, "miner_revenue": 8.357323747151046, "miner_name": "Ebang E11++", "miner_profit": 2.654857993726388}, {"date": "2019-01-02", "miner_cost": 5.702465753424658, "miner_revenue": 7.687934715219994, "miner_name": "Ebang E11++", "miner_profit": 1.9854689617953358}, {"date": "2019-01-05", "miner_cost": 5.702465753424658, "miner_revenue": 7.663686272564898, "miner_name": "Ebang E11++", "miner_profit": 1.96122051914024}, {"date": "2019-01-08", "miner_cost": 5.702465753424658, "miner_revenue": 8.026190038634846, "miner_name": "Ebang E11++", "miner_profit": 2.3237242852101883}, {"date": "2019-01-11", "miner_cost": 5.702465753424658, "miner_revenue": 7.29525175681358, "miner_name": "Ebang E11++", "miner_profit": 1.5927860033889223}, {"date": "2019-01-14", "miner_cost": 5.702465753424658, "miner_revenue": 6.849850287525521, "miner_name": "Ebang E11++", "miner_profit": 1.1473845341008628}, {"date": "2019-01-17", "miner_cost": 5.702465753424658, "miner_revenue": 6.907604991630922, "miner_name": "Ebang E11++", "miner_profit": 1.2051392382062645}, {"date": "2019-01-20", "miner_cost": 5.702465753424658, "miner_revenue": 6.857228827955883, "miner_name": "Ebang E11++", "miner_profit": 1.1547630745312247}, {"date": "2019-01-23", "miner_cost": 5.702465753424658, "miner_revenue": 6.815181773788618, "miner_name": "Ebang E11++", "miner_profit": 1.1127160203639601}, {"date": "2019-01-26", "miner_cost": 5.702465753424658, "miner_revenue": 6.820720698007961, "miner_name": "Ebang E11++", "miner_profit": 1.1182549445833034}, {"date": "2019-01-29", "miner_cost": 5.702465753424658, "miner_revenue": 6.584649601852898, "miner_name": "Ebang E11++", "miner_profit": 0.88218384842824}, {"date": "2019-02-01", "miner_cost": 5.702465753424658, "miner_revenue": 6.682815456246955, "miner_name": "Ebang E11++", "miner_profit": 0.9803497028222967}, {"date": "2019-02-04", "miner_cost": 5.702465753424658, "miner_revenue": 6.630164706613629, "miner_name": "Ebang E11++", "miner_profit": 0.9276989531889708}, {"date": "2019-02-07", "miner_cost": 5.702465753424658, "miner_revenue": 6.526902609974539, "miner_name": "Ebang E11++", "miner_profit": 0.8244368565498812}, {"date": "2019-02-10", "miner_cost": 5.702465753424658, "miner_revenue": 6.705524599797643, "miner_name": "Ebang E11++", "miner_profit": 1.0030588463729853}, {"date": "2019-02-13", "miner_cost": 5.702465753424658, "miner_revenue": 6.73643636609534, "miner_name": "Ebang E11++", "miner_profit": 1.0339706126706822}, {"date": "2019-02-16", "miner_cost": 5.702465753424658, "miner_revenue": 6.705620481398311, "miner_name": "Ebang E11++", "miner_profit": 1.0031547279736532}, {"date": "2019-02-19", "miner_cost": 5.702465753424658, "miner_revenue": 7.313902457945581, "miner_name": "Ebang E11++", "miner_profit": 1.6114367045209228}, {"date": "2019-02-22", "miner_cost": 5.702465753424658, "miner_revenue": 7.383563276289534, "miner_name": "Ebang E11++", "miner_profit": 1.6810975228648761}, {"date": "2019-02-25", "miner_cost": 5.702465753424658, "miner_revenue": 7.12991616499831, "miner_name": "Ebang E11++", "miner_profit": 1.427450411573652}, {"date": "2019-02-28", "miner_cost": 5.702465753424658, "miner_revenue": 7.1169397790224975, "miner_name": "Ebang E11++", "miner_profit": 1.4144740255978396}, {"date": "2019-03-03", "miner_cost": 5.702465753424658, "miner_revenue": 7.056541516676644, "miner_name": "Ebang E11++", "miner_profit": 1.354075763251986}, {"date": "2019-03-06", "miner_cost": 5.702465753424658, "miner_revenue": 7.208878785223711, "miner_name": "Ebang E11++", "miner_profit": 1.5064130317990534}, {"date": "2019-03-09", "miner_cost": 5.702465753424658, "miner_revenue": 7.243852579875986, "miner_name": "Ebang E11++", "miner_profit": 1.541386826451328}, {"date": "2019-03-12", "miner_cost": 5.702465753424658, "miner_revenue": 7.199668307675404, "miner_name": "Ebang E11++", "miner_profit": 1.4972025542507463}, {"date": "2019-03-15", "miner_cost": 5.702465753424658, "miner_revenue": 7.259256656792679, "miner_name": "Ebang E11++", "miner_profit": 1.5567909033680207}, {"date": "2019-03-18", "miner_cost": 5.702465753424658, "miner_revenue": 7.370650679278112, "miner_name": "Ebang E11++", "miner_profit": 1.6681849258534545}, {"date": "2019-03-21", "miner_cost": 5.702465753424658, "miner_revenue": 7.486820324954567, "miner_name": "Ebang E11++", "miner_profit": 1.7843545715299092}, {"date": "2019-03-24", "miner_cost": 5.702465753424658, "miner_revenue": 6.987369935808917, "miner_name": "Ebang E11++", "miner_profit": 1.2849041823842589}, {"date": "2019-03-27", "miner_cost": 5.702465753424658, "miner_revenue": 7.136636752468323, "miner_name": "Ebang E11++", "miner_profit": 1.4341709990436655}, {"date": "2019-03-30", "miner_cost": 5.702465753424658, "miner_revenue": 7.34787793114463, "miner_name": "Ebang E11++", "miner_profit": 1.6454121777199724}, {"date": "2019-04-02", "miner_cost": 7.257534246575342, "miner_revenue": 10.92189530163341, "miner_name": "Antminer S17", "miner_profit": 3.6643610550580688}, {"date": "2019-04-05", "miner_cost": 7.257534246575342, "miner_revenue": 11.63406120152354, "miner_name": "Antminer S17", "miner_profit": 4.376526954948198}, {"date": "2019-04-08", "miner_cost": 7.257534246575342, "miner_revenue": 12.295679657960113, "miner_name": "Antminer S17", "miner_profit": 5.038145411384771}, {"date": "2019-04-11", "miner_cost": 7.257534246575342, "miner_revenue": 11.920869606569516, "miner_name": "Antminer S17", "miner_profit": 4.663335359994174}, {"date": "2019-04-14", "miner_cost": 7.257534246575342, "miner_revenue": 11.605786318579534, "miner_name": "Antminer S17", "miner_profit": 4.348252072004192}, {"date": "2019-04-17", "miner_cost": 7.257534246575342, "miner_revenue": 11.99958551787497, "miner_name": "Antminer S17", "miner_profit": 4.742051271299627}, {"date": "2019-04-20", "miner_cost": 7.257534246575342, "miner_revenue": 12.094935480286885, "miner_name": "Antminer S17", "miner_profit": 4.837401233711543}, {"date": "2019-04-23", "miner_cost": 7.257534246575342, "miner_revenue": 13.06772765011943, "miner_name": "Antminer S17", "miner_profit": 5.810193403544088}, {"date": "2019-04-26", "miner_cost": 7.257534246575342, "miner_revenue": 12.271648864268071, "miner_name": "Antminer S17", "miner_profit": 5.014114617692729}, {"date": "2019-04-29", "miner_cost": 7.257534246575342, "miner_revenue": 12.105909411281877, "miner_name": "Antminer S17", "miner_profit": 4.8483751647065345}, {"date": "2019-05-02", "miner_cost": 7.257534246575342, "miner_revenue": 12.226164362884205, "miner_name": "Antminer S17", "miner_profit": 4.968630116308863}, {"date": "2019-05-05", "miner_cost": 7.257534246575342, "miner_revenue": 12.482732218315293, "miner_name": "Antminer S17", "miner_profit": 5.225197971739951}, {"date": "2019-05-08", "miner_cost": 7.257534246575342, "miner_revenue": 13.02138412408344, "miner_name": "Antminer S17", "miner_profit": 5.763849877508098}, {"date": "2019-05-11", "miner_cost": 7.257534246575342, "miner_revenue": 15.462706395586558, "miner_name": "Antminer S17", "miner_profit": 8.205172149011215}, {"date": "2019-05-14", "miner_cost": 7.257534246575342, "miner_revenue": 17.994033877670063, "miner_name": "Antminer S17", "miner_profit": 10.73649963109472}, {"date": "2019-05-17", "miner_cost": 7.257534246575342, "miner_revenue": 17.104294809276816, "miner_name": "Antminer S17", "miner_profit": 9.846760562701473}, {"date": "2019-05-20", "miner_cost": 7.257534246575342, "miner_revenue": 18.18779056112302, "miner_name": "Antminer S17", "miner_profit": 10.930256314547677}, {"date": "2019-05-23", "miner_cost": 7.257534246575342, "miner_revenue": 17.4886451060501, "miner_name": "Antminer S17", "miner_profit": 10.231110859474757}, {"date": "2019-05-26", "miner_cost": 7.257534246575342, "miner_revenue": 17.8359821665382, "miner_name": "Antminer S17", "miner_profit": 10.578447919962858}, {"date": "2019-05-29", "miner_cost": 7.257534246575342, "miner_revenue": 19.721410162845338, "miner_name": "Antminer S17", "miner_profit": 12.463875916269995}, {"date": "2019-06-01", "miner_cost": 7.257534246575342, "miner_revenue": 17.488716073253944, "miner_name": "Antminer S17", "miner_profit": 10.2311818266786}, {"date": "2019-06-04", "miner_cost": 7.257534246575342, "miner_revenue": 16.492537677902103, "miner_name": "Antminer S17", "miner_profit": 9.23500343132676}, {"date": "2019-06-07", "miner_cost": 7.257534246575342, "miner_revenue": 15.758556137222596, "miner_name": "Antminer S17", "miner_profit": 8.501021890647255}, {"date": "2019-06-10", "miner_cost": 7.257534246575342, "miner_revenue": 15.518068846281848, "miner_name": "Antminer S17", "miner_profit": 8.260534599706506}, {"date": "2019-06-13", "miner_cost": 7.257534246575342, "miner_revenue": 16.30414824329318, "miner_name": "Antminer S17", "miner_profit": 9.046613996717838}, {"date": "2019-06-16", "miner_cost": 7.257534246575342, "miner_revenue": 18.078611875064986, "miner_name": "Antminer S17", "miner_profit": 10.821077628489643}, {"date": "2019-06-19", "miner_cost": 7.257534246575342, "miner_revenue": 18.214856603784003, "miner_name": "Antminer S17", "miner_profit": 10.95732235720866}, {"date": "2019-06-22", "miner_cost": 7.257534246575342, "miner_revenue": 21.81031424852942, "miner_name": "Antminer S17", "miner_profit": 14.552780001954076}, {"date": "2019-06-25", "miner_cost": 7.257534246575342, "miner_revenue": 22.930750822892527, "miner_name": "Antminer S17", "miner_profit": 15.673216576317184}, {"date": "2019-06-28", "miner_cost": 7.257534246575342, "miner_revenue": 22.554652433907474, "miner_name": "Antminer S17", "miner_profit": 15.297118187332131}, {"date": "2019-07-01", "miner_cost": 7.257534246575342, "miner_revenue": 20.320180188773477, "miner_name": "Antminer S17", "miner_profit": 13.062645942198134}, {"date": "2019-07-04", "miner_cost": 7.257534246575342, "miner_revenue": 21.744403365079393, "miner_name": "Antminer S17", "miner_profit": 14.48686911850405}, {"date": "2019-07-07", "miner_cost": 7.257534246575342, "miner_revenue": 20.551325692244873, "miner_name": "Antminer S17", "miner_profit": 13.29379144566953}, {"date": "2019-07-10", "miner_cost": 7.257534246575342, "miner_revenue": 20.726621606344814, "miner_name": "Antminer S17", "miner_profit": 13.469087359769471}]